2950 4810
752 243 801 288 XX

126 395 127 398 ‘
225 383 356 471 libelli
375 388 461 499 ejus
485 387 693 500 scriptori,
710 387 1168 502 vel·exscripsisse,‘vel
1182 385 1345 477 ¹imita-

187 606 190 622 ,
226 546 291 606 tus
311 519 656 624 essevidebatur,
676 517 788 606 unde
809 518 922 635 apud
942 521 1068 607 alium
1085 523 1342 630 librarium,

224 665 333 741 Remi
349 667 486 742 Favi'm?
504 685 657 740 nomen
675 678 810 742 ortum
829 654 953 741 luisse
969 657 1230 770 suspicatum·
1254 659 1343 741 Mi·

170 849 172 852 ·
225 789 486 902 uus'pla'cent,
496 789 638 893 fateor,
647 789 841 910 reliquae,
850 818 953 905 quas
962 789 1344 876 cumulatWerns-

225 920 347 1010 dorfii
365 923 853 1036 solertiasconjecturae,
879 921 1184 1038 nempez‘Remi
1206 938 1335 1011 Favi·
1433 967 1435 1080 p

223 1071 264 1141 nr·
279 1079 483 1171 corrupte*
495 1059 692 1172 scriptum
721 1085 809 1142 esse
825 1088 901 1170 pro
919 1067 1092 1143 Remedia·
1109 1069 1333 1156 Flaviani,

223 1192 343 1304 quas'i
362 1189 595 1276 remedium
618 1190 793 1276 barbare
821 1188 1045 1305 adpellaret
1065 1188 1230 1276 librum
1262 1223 1331 1278 re·
1426 1222 1431 1311 t

222 1323 481 1430 mediorum,
513 1323 647 1439 qualis
676 1349 737 1410 est
765 1325 907 1411 Sereni
938 1325 1217 1444 Sammonici,
1253 1349 1329 1411 aut

223 1455 601 1575 indicarevoluisse
616 1458 744 1544 libros
759 1472 902 1543 Rerum
912 1467 1204 1542 Medicinalium
1224 1473 1328 1544 Ha·
1435 1471 1436 1506 ¹

222 1606 297 1688 vii,
320 1621 500 1706 quorum
520 1615 680 1705 partem
699 1619 774 1676 suo
792 1609 922 1705 ‘opere
947 1593 1187 1705 expresserit
1206 1593 1326 1677 Pris-

151 1827 154 1836 .
222 1729 384 1838 cianus,
406 1725 473 1810 vel
493 1737 601 1810 Remi
619 1738 756 1810 Fucini
779 1755 935 1810 nomen
961 1753 1050 1809 esse
1072 1751 1322 1840 corruptum

221 1859 289 1944 vel
308 1881 562 1944 contractum
582 1888 669 1943 esse
686 1860 921 1965 recentioris
940 1858 1225 1964 Grammatici,
1240 1861 1319 1975 qui

221 1993 476 2079 Priscianum
490 1997 720 2108 utcumque
738 1995 920 2077 tractavit
936 1993 1004 2076 vel
1015 1993 1216 2107 exposuit,
1239 2007 1327 2095 Rea-J

221 2141 327 2236 migir'
350 2125 521 2220 fortasse
541 2127 735 2212 monachi
755 2125 1128 2212 Autissiodorensis
1158 2126 1317 2212 saeculi
1435 2109 1436 2114 Ν

221 2262 298 2347 ΙΧ.
315 2260 423 2374 ,qui
443 2259 666 2376 aFu'lcone
691 2259 1013 2376 Archiepiscopo
1032 2257 1231 2346 Remensi
1260 2258 1315 2345 ad

222 2394 406 2481 scholam
436 2392 497 2477 ibi
522 2390 749 2505 regendam
778 2417 970 2479 evocatus
996 2417 1076 2497 est,
1095 2417 1199 2478 teste
1218 2408 1314 2480 Flo·

222 2537 377 2616 doardo
396 2525 463 2613 vel
479 2535 685 2621 Flavaldo,
704 2525 948 2630 Histhem.
961 2525 1033 2614 IV.
1046 2558 1085 2641 9.
1100 2528 1211 2611 hunc
1229 2529 1312 2612 for·

222 2688 328 2747 tasse
350 2658 584 2746 carmen‘de
601 2657 855 2773 ponderibus
874 2657 914 2746 et
929 2662 1131 2746 lnensuris
1153 2691 1175 2744 e
1190 2661 1309 2745 libris

112 2817 115 2824 '
222 2794 418 2883 Prisciani
436 2793 586 2878 alicubi
606 2790 806 2901 laudasse,
829 2796 1096 2910 excerpsisse,
1113 2794 1181 2878 vel
1196 2823 1310 2897 seor·

223 2932 302 3014 sim
321 2928 605 3042 proposuisse:
637 2925 750 3022 unde
766 2960 918 3014 nomen
939 2941 1048 3014 Remi
1074 2929 1100 3012 i.
1127 2959 1163 3010 e.
1181 2927 1308 3013 Remi-

221 3077 279 3174 go·
298 3093 322 3146 a
338 3061 506 3148 librario
529 3063 808 3176 praepositum
829 3063 969 3166 fuerit3
998 3061 1135 3145 Fucini.
1150 3093 1305 3147 nomen

223 3196 345 3310 plane
357 3211 623 3308 corruptum,
643 3225 731 3309 esse
747 3195 916 3281 lortasse
935 3183 1137 3292 moraldi,
1161 3226 1307 3309 quem-

226 3328 456 3416 admodum
479 3338 752 3414 Flodoardum'
773 3329 1305 3442 SigebertusGemblacen·

226 3469 280 3548 sis
309 3485 349 3548 et
366 3464 617 3560 Trithemius
645 3461 874 3577 adpellant,
904 3488 943 3548 et
969 3464 1181 3549 librarium
1200 3461 1304 3578 indi·

227 3627 317 3688 care
332 3597 536 3709 uoluisse,
546 3625 636 3682 esse
656 3592 772 3682 illum
787 3609 1012 3708 Retnigr'um,
1029 3599 1103 3712 qui
1115 3629 1138 3684 a
1149 3593 1303 3682 Ηαναῖ-

227 3735 587 3847 domemoraturss⁴
626 3761 629 3772 ¹
696 3787 699 3799 ·
1183 3797 1186 3802 .
1236 3725 1238 3730 ’

276 3913 291 3958 ,·
324 3862 546 3979 Quidquid
573 3866 694 3979 igitur
720 3864 790 3966 sit,
815 3866 910 3951 satis
936 3862 1103 3982 adparet
1132 3873 1302 3950 Rhemnit
