<?xml version="1.0" encoding="UTF-8"?>
<!DOCTYPE html PUBLIC "-//W3C//DTD XHTML 1.0 Transitional//EN"
    "http://www.w3.org/TR/xhtml1/DTD/xhtml1-transitional.dtd">
<html xmlns="http://www.w3.org/1999/xhtml" xml:lang="en" lang="en">
 <head>
  <title>
</title>
<meta http-equiv="Content-Type" content="text/html;charset=utf-8" />
  <meta name='ocr-system' content='tesseract 3.04.00' />
  <meta name='ocr-capabilities' content='ocr_page ocr_carea ocr_par ocr_line ocrx_word'/>
</head>
<body>
  <div class='ocr_page' id='page_1' title='image "./priscianigramma00prisgoog_0151.png"; bbox 0 0 2908 4814; ppageno 0'>
   <div class='ocr_carea' id='block_1_1' title="bbox 682 315 864 420">
    <p class='ocr_par' dir='ltr' id='par_1_1' title="bbox 682 315 864 420">
     <span class='ocr_line' id='line_1_1' title="bbox 682 315 864 420; baseline -0.011 -40"><span class='ocrx_word' id='word_1_1' title='bbox 682 315 864 420; x_wconf 42' lang='grc' dir='ltr'><strong>*Ἆ-</strong></span> 
     </span>
    </p>
   </div>
   <div class='ocr_carea' id='block_1_2' title="bbox 152 481 1351 3845">
    <p class='ocr_par' dir='ltr' id='par_1_2' title="bbox 152 481 1351 3454">
     <span class='ocr_line' id='line_1_2' title="bbox 222 481 1319 552; baseline 0.004 -20"><span class='ocrx_word' id='word_1_2' title='bbox 222 497 272 539; x_wconf 78' lang='lat' dir='ltr'><strong>.ne</strong></span> <span class='ocrx_word' id='word_1_3' title='bbox 288 481 404 533; x_wconf 77' lang='lat' dir='ltr'><strong>trutinas</strong></span> <span class='ocrx_word' id='word_1_4' title='bbox 423 481 663 552; x_wconf 77' lang='lat' dir='ltr'><strong>componentium,</strong></span> <span class='ocrx_word' id='word_1_5' title='bbox 681 481 789 532; x_wconf 86' lang='lat' dir='ltr'><strong>occurri</strong></span> <span class='ocrx_word' id='word_1_6' title='bbox 804 481 931 552; x_wconf 85' lang='lat' dir='ltr'><strong>nequiret</strong></span> <span class='ocrx_word' id='word_1_7' title='bbox 939 493 963 542; x_wconf 81' lang='lat'><strong>,¹</strong></span> <span class='ocrx_word' id='word_1_8' title='bbox 984 487 1056 533; x_wconf 86' lang='lat' dir='ltr'><strong>teste</strong></span> <span class='ocrx_word' id='word_1_9' title='bbox 1070 481 1218 534; x_wconf 73' lang='lat' dir='ltr'><strong>Amiano</strong></span> <span class='ocrx_word' id='word_1_10' title='bbox 1235 483 1319 536; x_wconf 82' lang='lat' dir='ltr'><strong>Mar-</strong></span> 
     </span>
     <span class='ocr_line' id='line_1_3' title="bbox 220 566 1320 642; baseline 0.002 -22"><span class='ocrx_word' id='word_1_11' title='bbox 220 573 280 622; x_wconf 83' lang='lat' dir='ltr'><strong>eeii.</strong></span> <span class='ocrx_word' id='word_1_12' title='bbox 298 571 371 621; x_wconf 77' lang='lat' dir='ltr'><strong>Libr.</strong></span> <span class='ocrx_word' id='word_1_13' title='bbox 388 569 513 621; x_wconf 85' lang='lat' dir='ltr'><em>XXVII.</em></span> <span class='ocrx_word' id='word_1_14' title='bbox 532 589 593 638; x_wconf 84' lang='lat' dir='ltr'><strong>cap.</strong></span> <span class='ocrx_word' id='word_1_15' title='bbox 617 589 643 641; x_wconf 82' lang='lat'><strong>9.</strong></span> <span class='ocrx_word' id='word_1_16' title='bbox 661 581 729 619; x_wconf 73' lang='lat' dir='ltr'><strong>extr.</strong></span> <span class='ocrx_word' id='word_1_17' title='bbox 751 567 792 620; x_wconf 83' lang='lat' dir='ltr'><strong>Ut</strong></span> <span class='ocrx_word' id='word_1_18' title='bbox 808 569 870 639; x_wconf 82' lang='lat' dir='ltr'><strong>ipae</strong></span> <span class='ocrx_word' id='word_1_19' title='bbox 882 566 1091 622; x_wconf 70' lang='lat' dir='ltr'><strong>Valentinianus</strong></span> <span class='ocrx_word' id='word_1_20' title='bbox 1115 568 1204 622; x_wconf 83' lang='lat' dir='ltr'><strong>edicit</strong></span> <span class='ocrx_word' id='word_1_21' title='bbox 1223 569 1277 642; x_wconf 82' lang='lat' dir='ltr'><strong>leg.</strong></span> <span class='ocrx_word' id='word_1_22' title='bbox 1293 581 1320 635; x_wconf 69' lang='grc'><strong>4.</strong></span> 
     </span>
     <span class='ocr_line' id='line_1_4' title="bbox 220 656 1319 726; baseline 0.004 -18"><span class='ocrx_word' id='word_1_23' title='bbox 220 659 264 709; x_wconf 89' lang='lat' dir='ltr'><strong>tit.</strong></span> <span class='ocrx_word' id='word_1_24' title='bbox 281 657 330 710; x_wconf 87' lang='lat' dir='ltr'><strong>lv.</strong></span> <span class='ocrx_word' id='word_1_25' title='bbox 345 659 380 710; x_wconf 88' lang='lat' dir='ltr'><strong>de</strong></span> <span class='ocrx_word' id='word_1_26' title='bbox 391 663 500 719; x_wconf 81' lang='lat' dir='ltr'><strong>suariis,</strong></span> <span class='ocrx_word' id='word_1_27' title='bbox 517 659 667 726; x_wconf 74' lang='lat' dir='ltr'><strong>pecuariis,</strong></span> <span class='ocrx_word' id='word_1_28' title='bbox 681 657 741 708; x_wconf 80' lang='lat' dir='ltr'><strong>iiir.</strong></span> <span class='ocrx_word' id='word_1_29' title='bbox 756 656 837 708; x_wconf 81' lang='lat' dir='ltr'><strong>XIV.</strong></span> <span class='ocrx_word' id='word_1_30' title='bbox 852 657 918 708; x_wconf 72' lang='lat' dir='ltr'><strong>cort</strong></span> <span class='ocrx_word' id='word_1_31' title='bbox 939 657 1074 710; x_wconf 78' lang='lat' dir='ltr'><strong>I&#39;Ireodos.</strong></span> <span class='ocrx_word' id='word_1_32' title='bbox 1085 657 1253 712; x_wconf 72' lang='lat' dir='ltr'><strong>Praetextati</strong></span> <span class='ocrx_word' id='word_1_33' title='bbox 1269 659 1319 711; x_wconf 87' lang='lat' dir='ltr'><strong>de-</strong></span> 
     </span>
     <span class='ocr_line' id='line_1_5' title="bbox 221 743 1351 816; baseline 0.002 -18"><span class='ocrx_word' id='word_1_34' title='bbox 221 763 315 798; x_wconf 88' lang='lat' dir='ltr'><strong>cessor</strong></span> <span class='ocrx_word' id='word_1_35' title='bbox 330 745 446 798; x_wconf 84' lang='lat' dir='ltr'><strong>Turrius</strong></span> <span class='ocrx_word' id='word_1_36' title='bbox 461 746 634 816; x_wconf 75' lang='lat' dir='ltr'><strong>Apronianus</strong></span> <span class='ocrx_word' id='word_1_37' title='bbox 649 760 721 795; x_wconf 87' lang='lat' dir='ltr'><strong>anno</strong></span> <span class='ocrx_word' id='word_1_38' title='bbox 734 745 875 814; x_wconf 84' lang='lat' dir='ltr'><strong>superiore</strong></span> <span class='ocrx_word' id='word_1_39' title='bbox 895 743 949 815; x_wconf 87' lang='lat' dir='ltr'><strong>jam</strong></span> <span class='ocrx_word' id='word_1_40' title='bbox 971 747 1145 810; x_wconf 76' lang='lat' dir='ltr'><strong>instituerat,</strong></span> <span class='ocrx_word' id='word_1_41' title='bbox 1163 755 1195 799; x_wconf 91' lang='lat' dir='ltr'><strong>nt</strong></span> <span class='ocrx_word' id='word_1_42' title='bbox 1213 749 1243 798; x_wconf 92' lang='lat' dir='ltr'><strong>in</strong></span> <span class='ocrx_word' id='word_1_43' title='bbox 1259 767 1319 800; x_wconf 87' lang='lat' dir='ltr'><strong>car·</strong></span> <span class='ocrx_word' id='word_1_44' title='bbox 1346 802 1351 811; x_wconf 73' lang='grc'>,</span> 
     </span>
     <span class='ocr_line' id='line_1_6' title="bbox 152 827 1319 908; baseline 0.003 -24"><span class='ocrx_word' id='word_1_45' title='bbox 152 831 159 854; x_wconf 84' lang='grc'><strong>“</strong></span> <span class='ocrx_word' id='word_1_46' title='bbox 221 832 305 887; x_wconf 83' lang='lat' dir='ltr'><strong>nibus</strong></span> <span class='ocrx_word' id='word_1_47' title='bbox 323 833 477 888; x_wconf 76' lang='lat' dir='ltr'><strong>vendendis</strong></span> <span class='ocrx_word' id='word_1_48' title='bbox 495 828 672 891; x_wconf 60' lang='lat' dir='ltr'><strong>«aestimandi</strong></span> <span class='ocrx_word' id='word_1_49' title='bbox 688 827 802 882; x_wconf 87' lang='lat' dir='ltr'><strong>licentia</strong></span> <span class='ocrx_word' id='word_1_50' title='bbox 816 834 915 885; x_wconf 81' lang='lat' dir='ltr'><strong>suariis</strong></span> <span class='ocrx_word' id='word_1_51' title='bbox 930 831 1078 904; x_wconf 81' lang='lat' dir='ltr'><strong>denegata,</strong></span> <span class='ocrx_word' id='word_1_52' title='bbox 1091 834 1203 905; x_wconf 83' lang='lat' dir='ltr'><strong>pondus</strong></span> <span class='ocrx_word' id='word_1_53' title='bbox 1218 855 1319 908; x_wconf 85' lang='lat' dir='ltr'><strong>porco-</strong></span> 
     </span>
     <span class='ocr_line' id='line_1_7' title="bbox 222 914 1320 993; baseline 0.003 -20"><span class='ocrx_word' id='word_1_54' title='bbox 222 941 299 981; x_wconf 71' lang='lat' dir='ltr'><strong>.rum</strong></span> <span class='ocrx_word' id='word_1_55' title='bbox 311 923 430 975; x_wconf 78' lang='lat' dir='ltr'><strong>trutinae</strong></span> <span class='ocrx_word' id='word_1_56' title='bbox 448 922 589 984; x_wconf 79' lang='lat' dir='ltr'><strong>examine,</strong></span> <span class='ocrx_word' id='word_1_57' title='bbox 603 936 660 971; x_wconf 92' lang='lat' dir='ltr'><strong>non</strong></span> <span class='ocrx_word' id='word_1_58' title='bbox 676 914 818 970; x_wconf 85' lang='lat' dir='ltr'><strong>oculorum</strong></span> <span class='ocrx_word' id='word_1_59' title='bbox 833 917 962 972; x_wconf 83' lang='lat' dir='ltr'><strong>libertate</strong></span> <span class='ocrx_word' id='word_1_60' title='bbox 984 930 1159 993; x_wconf 84' lang='lat' dir='ltr'><strong>quaereretur</strong></span> <span class='ocrx_word' id='word_1_61' title='bbox 1166 936 1191 986; x_wconf 64' lang='lat' dir='ltr'><strong>,a</strong></span> <span class='ocrx_word' id='word_1_62' title='bbox 1211 925 1270 978; x_wconf 85' lang='lat' dir='ltr'><strong>sive</strong></span> <span class='ocrx_word' id='word_1_63' title='bbox 1289 932 1320 977; x_wconf 87' lang='lat' dir='ltr'><strong>ut</strong></span> 
     </span>
     <span class='ocr_line' id='line_1_8' title="bbox 219 1001 1318 1082; baseline 0.001 -20"><span class='ocrx_word' id='word_1_64' title='bbox 219 1012 328 1082; x_wconf 88' lang='lat' dir='ltr'><strong>inipso</strong></span> <span class='ocrx_word' id='word_1_65' title='bbox 344 1010 496 1080; x_wconf 79' lang='lat' dir='ltr'><strong>Aproniani</strong></span> <span class='ocrx_word' id='word_1_66' title='bbox 514 1007 608 1060; x_wconf 88' lang='lat' dir='ltr'><strong>edicto</strong></span> <span class='ocrx_word' id='word_1_67' title='bbox 627 1008 792 1070; x_wconf 81' lang='lat' dir='ltr'><strong>enuntiatur,</strong></span> <span class='ocrx_word' id='word_1_68' title='bbox 801 1001 1048 1078; x_wconf 52' lang='lat' dir='ltr'><strong>,quod&#39;etimnam</strong></span> <span class='ocrx_word' id='word_1_69' title='bbox 1060 1009 1154 1062; x_wconf 84' lang='lat' dir='ltr'><strong>tabula</strong></span> <span class='ocrx_word' id='word_1_70' title='bbox 1169 1027 1318 1064; x_wconf 84' lang='lat' dir='ltr'><strong>marmorea</strong></span> 
     </span>
     <span class='ocr_line' id='line_1_9' title="bbox 220 1097 1318 1170; baseline 0 -19"><span class='ocrx_word' id='word_1_71' title='bbox 220 1107 355 1152; x_wconf 85' lang='lat' dir='ltr'><strong>servatum</strong></span> <span class='ocrx_word' id='word_1_72' title='bbox 369 1104 465 1159; x_wconf 78' lang='lat' dir='ltr'><strong>exstat,</strong></span> <span class='ocrx_word' id='word_1_73' title='bbox 484 1106 513 1148; x_wconf 88' lang='lat' dir='ltr'><strong>et</strong></span> <span class='ocrx_word' id='word_1_74' title='bbox 529 1097 559 1147; x_wconf 92' lang='lat' dir='ltr'><strong>iu</strong></span> <span class='ocrx_word' id='word_1_75' title='bbox 575 1097 683 1166; x_wconf 77' lang='lat' dir='ltr'><strong>Corpus</strong></span> <span class='ocrx_word' id='word_1_76' title='bbox 697 1099 818 1165; x_wconf 80' lang='lat' dir='ltr'><strong>inscript.</strong></span> <span class='ocrx_word' id='word_1_77' title='bbox 836 1097 946 1148; x_wconf 83' lang='lat' dir='ltr'><strong>Gruter.</strong></span> <span class='ocrx_word' id='word_1_78' title='bbox 960 1117 1026 1168; x_wconf 75' lang='lat' dir='ltr'><strong>pag.</strong></span> <span class='ocrx_word' id='word_1_79' title='bbox 1038 1101 1101 1170; x_wconf 71' lang='lat'><strong>647.</strong></span> <span class='ocrx_word' id='word_1_80' title='bbox 1118 1118 1144 1150; x_wconf 84' lang='lat' dir='ltr'><strong>rr.</strong></span> <span class='ocrx_word' id='word_1_81' title='bbox 1162 1102 1189 1154; x_wconf 81' lang='grc'><strong>6.</strong></span> <span class='ocrx_word' id='word_1_82' title='bbox 1202 1097 1318 1152; x_wconf 88' lang='lat' dir='ltr'><strong>relatum</strong></span> 
     </span>
     <span class='ocr_line' id='line_1_10' title="bbox 224 1181 1318 1258; baseline 0.001 -20"><span class='ocrx_word' id='word_1_83' title='bbox 224 1195 268 1239; x_wconf 86' lang='lat' dir='ltr'><strong>est</strong></span> <span class='ocrx_word' id='word_1_84' title='bbox 277 1195 324 1246; x_wconf 63' lang='lat' dir='ltr'><strong>«nt</strong></span> <span class='ocrx_word' id='word_1_85' title='bbox 332 1182 531 1238; x_wconf 75' lang='lat' dir='ltr'><strong>consuetudine</strong></span> <span class='ocrx_word' id='word_1_86' title='bbox 547 1181 710 1236; x_wconf 86' lang='lat' dir='ltr'><strong>aestimandi</strong></span> <span class='ocrx_word' id='word_1_87' title='bbox 723 1181 851 1235; x_wconf 82' lang='lat' dir='ltr'><strong>submota</strong></span> <span class='ocrx_word' id='word_1_88' title='bbox 864 1182 920 1235; x_wconf 74' lang='lat' dir='ltr'><strong>sub·</strong></span> <span class='ocrx_word' id='word_1_89' title='bbox 930 1189 1025 1255; x_wconf 80' lang='lat' dir='ltr'><strong>exagio</strong></span> <span class='ocrx_word' id='word_1_90' title='bbox 1039 1186 1133 1257; x_wconf 82' lang='lat' dir='ltr'><strong>potins</strong></span> <span class='ocrx_word' id='word_1_91' title='bbox 1143 1205 1243 1258; x_wconf 87' lang='lat' dir='ltr'><strong>pecora</strong></span> <span class='ocrx_word' id='word_1_92' title='bbox 1250 1203 1318 1239; x_wconf 83' lang='lat' dir='ltr'><strong>ven-</strong></span> 
     </span>
     <span class='ocr_line' id='line_1_11' title="bbox 222 1267 1319 1344; baseline 0.004 -20"><span class='ocrx_word' id='word_1_93' title='bbox 222 1272 382 1340; x_wconf 46' lang='lat' dir='ltr'><strong>derentur.</strong></span> <span class='ocrx_word' id='word_1_94' title='bbox 395 1313 401 1324; x_wconf 92' lang='lat'>.</span> <span class='ocrx_word' id='word_1_95' title='bbox 471 1289 552 1323; x_wconf 87' lang='lat' dir='ltr'><strong>carne</strong></span> <span class='ocrx_word' id='word_1_96' title='bbox 568 1271 620 1323; x_wconf 88' lang='lat' dir='ltr'><strong>snb</strong></span> <span class='ocrx_word' id='word_1_97' title='bbox 635 1279 788 1342; x_wconf 87' lang='lat' dir='ltr'><strong>conspectu</strong></span> <span class='ocrx_word' id='word_1_98' title='bbox 801 1267 916 1342; x_wconf 88' lang='lat' dir='ltr'><strong>publico</strong></span> <span class='ocrx_word' id='word_1_99' title='bbox 933 1271 988 1323; x_wconf 88' lang='lat' dir='ltr'><strong>fide</strong></span> <span class='ocrx_word' id='word_1_100' title='bbox 1002 1271 1137 1344; x_wconf 88' lang='lat' dir='ltr'><strong>ponderis</strong></span> <span class='ocrx_word' id='word_1_101' title='bbox 1154 1274 1319 1344; x_wconf 87' lang='lat' dir='ltr'><strong>comproba-</strong></span> 
     </span>
     <span class='ocr_line' id='line_1_12' title="bbox 220 1357 1317 1434; baseline 0.002 -21"><span class='ocrx_word' id='word_1_102' title='bbox 220 1359 512 1420; x_wconf 66' lang='lat' dir='ltr'><strong>,ua‘valenttnianus</strong></span> <span class='ocrx_word' id='word_1_103' title='bbox 528 1359 621 1429; x_wconf 82' lang='lat' dir='ltr'><strong>junior</strong></span> <span class='ocrx_word' id='word_1_104' title='bbox 635 1367 663 1411; x_wconf 85' lang='lat' dir='ltr'><strong>et</strong></span> <span class='ocrx_word' id='word_1_105' title='bbox 677 1357 853 1411; x_wconf 86' lang='lat' dir='ltr'><strong>Theodosius</strong></span> <span class='ocrx_word' id='word_1_106' title='bbox 875 1358 928 1429; x_wconf 80' lang='lat' dir='ltr'><strong>leg.</strong></span> <span class='ocrx_word' id='word_1_107' title='bbox 952 1362 1055 1434; x_wconf 76' lang='lat' dir='ltr'><strong>19.tia</strong></span> <span class='ocrx_word' id='word_1_108' title='bbox 1073 1364 1106 1414; x_wconf 87' lang='lat' dir='ltr'><strong>de</strong></span> <span class='ocrx_word' id='word_1_109' title='bbox 1122 1377 1272 1433; x_wconf 78' lang='lat' dir='ltr'><strong>susceptor.</strong></span> <span class='ocrx_word' id='word_1_110' title='bbox 1285 1365 1317 1415; x_wconf 64' lang='grc' dir='ltr'><strong>Α</strong></span> 
     </span>
     <span class='ocr_line' id='line_1_13' title="bbox 219 1445 1318 1522; baseline 0.002 -21"><span class='ocrx_word' id='word_1_111' title='bbox 219 1447 284 1501; x_wconf 87' lang='lat' dir='ltr'><strong>Chr.</strong></span> <span class='ocrx_word' id='word_1_112' title='bbox 298 1451 360 1506; x_wconf 76' lang='lat'><em>585.</em></span> <span class='ocrx_word' id='word_1_113' title='bbox 375 1446 473 1518; x_wconf 85' lang='lat' dir='ltr'><strong>jubent</strong></span> <span class='ocrx_word' id='word_1_114' title='bbox 494 1448 539 1507; x_wconf 63' lang='lat' dir='ltr'><strong>«in</strong></span> <span class='ocrx_word' id='word_1_115' title='bbox 555 1445 671 1518; x_wconf 78' lang='lat' dir='ltr'><strong>singuiis</strong></span> <span class='ocrx_word' id='word_1_116' title='bbox 687 1445 854 1499; x_wconf 88' lang='lat' dir='ltr'><strong>stationibus</strong></span> <span class='ocrx_word' id='word_1_117' title='bbox 865 1464 1007 1500; x_wconf 85' lang='lat' dir='ltr'><strong>mensuras</strong></span> <span class='ocrx_word' id='word_1_118' title='bbox 1024 1457 1053 1500; x_wconf 90' lang='lat' dir='ltr'><strong>et</strong></span> <span class='ocrx_word' id='word_1_119' title='bbox 1066 1449 1189 1521; x_wconf 87' lang='lat' dir='ltr'><strong>pondera</strong></span> <span class='ocrx_word' id='word_1_120' title='bbox 1202 1450 1318 1522; x_wconf 87' lang='lat' dir='ltr'><strong>publice</strong></span> 
     </span>
     <span class='ocr_line' id='line_1_14' title="bbox 220 1532 1316 1610; baseline 0.005 -23"><span class='ocrx_word' id='word_1_121' title='bbox 220 1535 382 1599; x_wconf 71' lang='lat' dir='ltr'><strong>acollocari,</strong></span> <span class='ocrx_word' id='word_1_122' title='bbox 406 1545 438 1589; x_wconf 89' lang='lat' dir='ltr'><strong>nt</strong></span> <span class='ocrx_word' id='word_1_123' title='bbox 462 1535 586 1588; x_wconf 82' lang='lat' dir='ltr'><strong>fraudare</strong></span> <span class='ocrx_word' id='word_1_124' title='bbox 613 1532 790 1605; x_wconf 86' lang='lat' dir='ltr'><strong>cupientibus</strong></span> <span class='ocrx_word' id='word_1_125' title='bbox 812 1532 968 1587; x_wconf 81' lang='lat' dir='ltr'><strong>fraudandi.</strong></span> <span class='ocrx_word' id='word_1_126' title='bbox 984 1535 1107 1589; x_wconf 86' lang='lat' dir='ltr'><strong>adimant</strong></span> <span class='ocrx_word' id='word_1_127' title='bbox 1122 1547 1316 1610; x_wconf 76' lang='lat' dir='ltr'><strong>potestatem·</strong></span> 
     </span>
     <span class='ocr_line' id='line_1_15' title="bbox 218 1620 1319 1698; baseline 0.002 -21"><span class='ocrx_word' id='word_1_128' title='bbox 218 1623 392 1677; x_wconf 78' lang='lat' dir='ltr'><strong>Theodosius</strong></span> <span class='ocrx_word' id='word_1_129' title='bbox 401 1624 493 1695; x_wconf 85' lang='lat' dir='ltr'><strong>junior</strong></span> <span class='ocrx_word' id='word_1_130' title='bbox 505 1624 626 1679; x_wconf 82' lang='lat' dir='ltr'><strong>Novella</strong></span> <span class='ocrx_word' id='word_1_131' title='bbox 637 1624 729 1676; x_wconf 83' lang='lat' dir='ltr'><em>XXV.</em></span> <span class='ocrx_word' id='word_1_132' title='bbox 746 1620 849 1675; x_wconf 87' lang='lat' dir='ltr'><strong>edicit:</strong></span> <span class='ocrx_word' id='word_1_133' title='bbox 870 1622 930 1681; x_wconf 69' lang='lat' dir='ltr'><strong>«De</strong></span> <span class='ocrx_word' id='word_1_134' title='bbox 945 1622 1116 1693; x_wconf 84' lang='lat' dir='ltr'><strong>ponderibus</strong></span> <span class='ocrx_word' id='word_1_135' title='bbox 1131 1633 1163 1678; x_wconf 88' lang='lat' dir='ltr'><strong>ut</strong></span> <span class='ocrx_word' id='word_1_136' title='bbox 1176 1626 1251 1678; x_wconf 79' lang='lat' dir='ltr'><strong>frans</strong></span> <span class='ocrx_word' id='word_1_137' title='bbox 1265 1647 1319 1698; x_wconf 88' lang='lat' dir='ltr'><strong>pe-</strong></span> 
     </span>
     <span class='ocr_line' id='line_1_16' title="bbox 219 1710 1319 1784; baseline 0.003 -20"><span class='ocrx_word' id='word_1_138' title='bbox 219 1715 310 1773; x_wconf 66' lang='lat' dir='ltr'><strong>,nitus</strong></span> <span class='ocrx_word' id='word_1_139' title='bbox 328 1721 499 1784; x_wconf 84' lang='lat' dir='ltr'><strong>amputetur,</strong></span> <span class='ocrx_word' id='word_1_140' title='bbox 517 1731 532 1763; x_wconf 90' lang='lat' dir='ltr'><strong>a</strong></span> <span class='ocrx_word' id='word_1_141' title='bbox 548 1710 630 1763; x_wconf 90' lang='lat' dir='ltr'><strong>uobis</strong></span> <span class='ocrx_word' id='word_1_142' title='bbox 647 1719 764 1780; x_wconf 82' lang='lat' dir='ltr'><strong>aguntur</strong></span> <span class='ocrx_word' id='word_1_143' title='bbox 779 1711 887 1780; x_wconf 77' lang='lat' dir='ltr'><strong>anagia,</strong></span> <span class='ocrx_word' id='word_1_144' title='bbox 913 1728 981 1783; x_wconf 81' lang='lat' dir='ltr'><strong>quae</strong></span> <span class='ocrx_word' id='word_1_145' title='bbox 999 1712 1060 1763; x_wconf 86' lang='lat' dir='ltr'><strong>siue</strong></span> <span class='ocrx_word' id='word_1_146' title='bbox 1084 1713 1181 1765; x_wconf 79' lang='lat' dir='ltr'><strong>frande</strong></span> <span class='ocrx_word' id='word_1_147' title='bbox 1197 1713 1319 1768; x_wconf 86' lang='lat' dir='ltr'><strong>debeant</strong></span> 
     </span>
     <span class='ocr_line' id='line_1_17' title="bbox 218 1797 1316 1870; baseline 0.001 -16"><span class='ocrx_word' id='word_1_148' title='bbox 218 1801 394 1860; x_wconf 57' lang='lat' dir='ltr'><strong>«custodiria</strong></span> <span class='ocrx_word' id='word_1_149' title='bbox 414 1800 451 1852; x_wconf 79' lang='lat' dir='ltr'><strong>Iit</strong></span> <span class='ocrx_word' id='word_1_150' title='bbox 466 1799 633 1869; x_wconf 73' lang='lat' dir='ltr'><strong>Maiorianus</strong></span> <span class='ocrx_word' id='word_1_151' title='bbox 646 1799 716 1870; x_wconf 91' lang='lat' dir='ltr'><strong>Imp.</strong></span> <span class='ocrx_word' id='word_1_152' title='bbox 730 1797 839 1852; x_wconf 79' lang='lat' dir='ltr'><strong>Norelt.</strong></span> <span class='ocrx_word' id='word_1_153' title='bbox 857 1817 880 1851; x_wconf 89' lang='lat'><strong>1.</strong></span> <span class='ocrx_word' id='word_1_154' title='bbox 899 1797 1058 1857; x_wconf 68' lang='lat' dir='ltr'><strong>«fiaudibns</strong></span> <span class='ocrx_word' id='word_1_155' title='bbox 1075 1799 1241 1854; x_wconf 83' lang='lat' dir='ltr'><strong>obviandum</strong></span> <span class='ocrx_word' id='word_1_156' title='bbox 1257 1805 1316 1855; x_wconf 83' lang='lat' dir='ltr'><strong>exi-</strong></span> 
     </span>
     <span class='ocr_line' id='line_1_18' title="bbox 219 1871 1315 1961; baseline 0.001 -19"><span class='ocrx_word' id='word_1_157' title='bbox 219 1891 364 1953; x_wconf 68' lang='lat' dir='ltr'><strong>«stimans,</strong></span> <span class='ocrx_word' id='word_1_158' title='bbox 384 1907 450 1961; x_wconf 85' lang='lat' dir='ltr'><strong>quas</strong></span> <span class='ocrx_word' id='word_1_159' title='bbox 465 1889 495 1940; x_wconf 92' lang='lat' dir='ltr'><strong>iu</strong></span> <span class='ocrx_word' id='word_1_160' title='bbox 510 1889 639 1940; x_wconf 83' lang='lat' dir='ltr'><strong>varietate</strong></span> <span class='ocrx_word' id='word_1_161' title='bbox 653 1884 808 1957; x_wconf 88' lang='lat' dir='ltr'><strong>ponderum</strong></span> <span class='ocrx_word' id='word_1_162' title='bbox 823 1871 978 1939; x_wconf 72' lang='lat' dir='ltr'><strong>eiecturum</strong></span> <span class='ocrx_word' id='word_1_163' title='bbox 990 1886 1126 1942; x_wconf 77' lang='lat' dir='ltr'><strong>calliditas</strong></span> <span class='ocrx_word' id='word_1_164' title='bbox 1146 1890 1235 1942; x_wconf 81' lang='lat' dir='ltr'><strong>iacere</strong></span> <span class='ocrx_word' id='word_1_165' title='bbox 1248 1909 1315 1944; x_wconf 88' lang='lat' dir='ltr'><strong>con-</strong></span> 
     </span>
     <span class='ocr_line' id='line_1_19' title="bbox 219 1970 1317 2051; baseline 0.003 -22"><span class='ocrx_word' id='word_1_166' title='bbox 219 1978 340 2039; x_wconf 58' lang='lat' dir='ltr'><strong>«suevit»</strong></span> <span class='ocrx_word' id='word_1_167' title='bbox 356 1975 435 2046; x_wconf 75' lang='lat' dir='ltr'><strong>jubet</strong></span> <span class='ocrx_word' id='word_1_168' title='bbox 456 1995 486 2034; x_wconf 64' lang='lat' dir='ltr'><strong>«a</strong></span> <span class='ocrx_word' id='word_1_169' title='bbox 504 1976 675 2047; x_wconf 85' lang='lat' dir='ltr'><strong>praetoriana</strong></span> <span class='ocrx_word' id='word_1_170' title='bbox 691 1970 757 2025; x_wconf 86' lang='lat' dir='ltr'><strong>sedo</strong></span> <span class='ocrx_word' id='word_1_171' title='bbox 773 1971 809 2024; x_wconf 87' lang='lat' dir='ltr'><strong>ad</strong></span> <span class='ocrx_word' id='word_1_172' title='bbox 826 1972 947 2044; x_wconf 82' lang='lat' dir='ltr'><strong>singulas</strong></span> <span class='ocrx_word' id='word_1_173' title='bbox 962 1993 1020 2028; x_wconf 88' lang='lat' dir='ltr'><strong>non</strong></span> <span class='ocrx_word' id='word_1_174' title='bbox 1038 1976 1127 2029; x_wconf 89' lang='lat' dir='ltr'><strong>solum</strong></span> <span class='ocrx_word' id='word_1_175' title='bbox 1141 1980 1317 2051; x_wconf 83' lang='lat' dir='ltr'><strong>provincias,</strong></span> 
     </span>
     <span class='ocr_line' id='line_1_20' title="bbox 219 2060 1318 2137; baseline 0.001 -19"><span class='ocrx_word' id='word_1_176' title='bbox 219 2064 286 2126; x_wconf 65' lang='lat' dir='ltr'><strong>«sed</strong></span> <span class='ocrx_word' id='word_1_177' title='bbox 301 2067 382 2118; x_wconf 88' lang='lat' dir='ltr'><strong>etiam</strong></span> <span class='ocrx_word' id='word_1_178' title='bbox 401 2065 542 2126; x_wconf 85' lang='lat' dir='ltr'><strong>civitates,</strong></span> <span class='ocrx_word' id='word_1_179' title='bbox 561 2060 683 2134; x_wconf 85' lang='lat' dir='ltr'><strong>pondera</strong></span> <span class='ocrx_word' id='word_1_180' title='bbox 701 2060 850 2112; x_wconf 82' lang='lat' dir='ltr'><strong>examinata</strong></span> <span class='ocrx_word' id='word_1_181' title='bbox 864 2064 953 2126; x_wconf 88' lang='lat' dir='ltr'><strong>mitti,</strong></span> <span class='ocrx_word' id='word_1_182' title='bbox 972 2062 1073 2137; x_wconf 87' lang='lat' dir='ltr'><strong>quibus</strong></span> <span class='ocrx_word' id='word_1_183' title='bbox 1087 2074 1143 2118; x_wconf 86' lang='lat' dir='ltr'><strong>tam</strong></span> <span class='ocrx_word' id='word_1_184' title='bbox 1164 2068 1252 2120; x_wconf 88' lang='lat' dir='ltr'><strong>omnis</strong></span> <span class='ocrx_word' id='word_1_185' title='bbox 1269 2086 1318 2119; x_wconf 84' lang='lat' dir='ltr'><strong>ex-</strong></span> 
     </span>
     <span class='ocr_line' id='line_1_21' title="bbox 156 2147 1318 2224; baseline 0.003 -20"><span class='ocrx_word' id='word_1_186' title='bbox 156 2149 159 2154; x_wconf 41' lang='lat'>*</span> <span class='ocrx_word' id='word_1_187' title='bbox 219 2159 326 2216; x_wconf 57' lang='lat' dir='ltr'><strong>«actor,</strong></span> <span class='ocrx_word' id='word_1_188' title='bbox 343 2169 424 2224; x_wconf 85' lang='lat' dir='ltr'><strong>quam</strong></span> <span class='ocrx_word' id='word_1_189' title='bbox 438 2151 593 2220; x_wconf 86' lang='lat' dir='ltr'><strong>negotiator</strong></span> <span class='ocrx_word' id='word_1_190' title='bbox 606 2157 723 2200; x_wconf 60' lang='lat' dir='ltr'><strong>utatur.»</strong></span> <span class='ocrx_word' id='word_1_191' title='bbox 744 2147 823 2221; x_wconf 84' lang='lat' dir='ltr'><strong>Quae</strong></span> <span class='ocrx_word' id='word_1_192' title='bbox 838 2159 978 2222; x_wconf 84' lang='lat' dir='ltr'><strong>praeterea</strong></span> <span class='ocrx_word' id='word_1_193' title='bbox 994 2170 1051 2204; x_wconf 87' lang='lat' dir='ltr'><strong>eam</strong></span> <span class='ocrx_word' id='word_1_194' title='bbox 1065 2154 1095 2205; x_wconf 88' lang='lat' dir='ltr'><strong>in</strong></span> <span class='ocrx_word' id='word_1_195' title='bbox 1112 2172 1170 2206; x_wconf 88' lang='lat' dir='ltr'><strong>rem</strong></span> <span class='ocrx_word' id='word_1_196' title='bbox 1179 2157 1318 2208; x_wconf 87' lang='lat' dir='ltr'><strong>constitu-</strong></span> 
     </span>
     <span class='ocr_line' id='line_1_22' title="bbox 217 2235 1318 2313; baseline 0.001 -19"><span class='ocrx_word' id='word_1_197' title='bbox 217 2251 244 2294; x_wconf 83' lang='lat' dir='ltr'><strong>ta</strong></span> <span class='ocrx_word' id='word_1_198' title='bbox 259 2261 273 2291; x_wconf 90' lang='lat' dir='ltr'><strong>a</strong></span> <span class='ocrx_word' id='word_1_199' title='bbox 288 2236 464 2292; x_wconf 86' lang='lat' dir='ltr'><strong>Theodorico</strong></span> <span class='ocrx_word' id='word_1_200' title='bbox 488 2257 551 2309; x_wconf 79' lang='lat' dir='ltr'><strong>rege</strong></span> <span class='ocrx_word' id='word_1_201' title='bbox 575 2245 654 2300; x_wconf 88' lang='lat' dir='ltr'><strong>sunt,</strong></span> <span class='ocrx_word' id='word_1_202' title='bbox 678 2235 819 2290; x_wconf 80' lang='lat' dir='ltr'><strong>adnotavit</strong></span> <span class='ocrx_word' id='word_1_203' title='bbox 837 2235 1025 2292; x_wconf 83' lang='lat' dir='ltr'><strong>Gothoiredns</strong></span> <span class='ocrx_word' id='word_1_204' title='bbox 1047 2239 1082 2292; x_wconf 87' lang='lat' dir='ltr'><strong>ad</strong></span> <span class='ocrx_word' id='word_1_205' title='bbox 1104 2239 1206 2296; x_wconf 87' lang='lat' dir='ltr'><strong>dictam</strong></span> <span class='ocrx_word' id='word_1_206' title='bbox 1227 2241 1318 2313; x_wconf 80' lang='lat' dir='ltr'><strong>legem</strong></span> 
     </span>
     <span class='ocr_line' id='line_1_23' title="bbox 219 2324 1316 2402; baseline 0.001 -21"><span class='ocrx_word' id='word_1_207' title='bbox 219 2349 260 2402; x_wconf 85' lang='lat'><strong>¹9·</strong></span> <span class='ocrx_word' id='word_1_208' title='bbox 280 2332 320 2381; x_wconf 84' lang='lat' dir='ltr'><strong>tit.</strong></span> <span class='ocrx_word' id='word_1_209' title='bbox 336 2328 370 2380; x_wconf 86' lang='lat' dir='ltr'><strong>de</strong></span> <span class='ocrx_word' id='word_1_210' title='bbox 382 2339 529 2398; x_wconf 79' lang='lat' dir='ltr'><strong>susceptor.</strong></span> <span class='ocrx_word' id='word_1_211' title='bbox 548 2325 608 2380; x_wconf 87' lang='lat' dir='ltr'><strong>Hoc</strong></span> <span class='ocrx_word' id='word_1_212' title='bbox 625 2333 731 2379; x_wconf 84' lang='lat' dir='ltr'><strong>tantum</strong></span> <span class='ocrx_word' id='word_1_213' title='bbox 743 2333 863 2378; x_wconf 84' lang='lat' dir='ltr'><strong>extremo</strong></span> <span class='ocrx_word' id='word_1_214' title='bbox 880 2324 959 2390; x_wconf 91' lang='lat' dir='ltr'><strong>loco,</strong></span> <span class='ocrx_word' id='word_1_215' title='bbox 979 2325 1151 2382; x_wconf 85' lang='lat' dir='ltr'><strong>Gothoiredo</strong></span> <span class='ocrx_word' id='word_1_216' title='bbox 1170 2339 1198 2382; x_wconf 90' lang='lat' dir='ltr'><strong>et</strong></span> <span class='ocrx_word' id='word_1_217' title='bbox 1213 2330 1316 2384; x_wconf 88' lang='lat' dir='ltr'><strong>Casan-</strong></span> 
     </span>
     <span class='ocr_line' id='line_1_24' title="bbox 217 2413 1314 2490; baseline 0.002 -22"><span class='ocrx_word' id='word_1_218' title='bbox 217 2415 291 2470; x_wconf 88' lang='lat' dir='ltr'><strong>bouo</strong></span> <span class='ocrx_word' id='word_1_219' title='bbox 308 2413 500 2479; x_wconf 87' lang='lat' dir='ltr'><strong>mouentibus,</strong></span> <span class='ocrx_word' id='word_1_220' title='bbox 520 2413 712 2477; x_wconf 86' lang='lat' dir='ltr'><strong>observamus,</strong></span> <span class='ocrx_word' id='word_1_221' title='bbox 730 2414 815 2465; x_wconf 88' lang='lat' dir='ltr'><strong>moris</strong></span> <span class='ocrx_word' id='word_1_222' title='bbox 836 2414 922 2466; x_wconf 80' lang='lat' dir='ltr'><strong>fuisse</strong></span> <span class='ocrx_word' id='word_1_223' title='bbox 944 2425 1056 2486; x_wconf 85' lang='lat' dir='ltr'><strong>postea,</strong></span> <span class='ocrx_word' id='word_1_224' title='bbox 1084 2425 1116 2472; x_wconf 88' lang='lat' dir='ltr'><strong>nt</strong></span> <span class='ocrx_word' id='word_1_225' title='bbox 1132 2428 1259 2490; x_wconf 83' lang='lat' dir='ltr'><strong>acceptas</strong></span> <span class='ocrx_word' id='word_1_226' title='bbox 1280 2417 1314 2470; x_wconf 90' lang='lat' dir='ltr'><strong>ab</strong></span> 
     </span>
     <span class='ocr_line' id='line_1_25' title="bbox 216 2500 1314 2577; baseline 0.003 -21"><span class='ocrx_word' id='word_1_227' title='bbox 216 2505 383 2577; x_wconf 84' lang='lat' dir='ltr'><strong>Imperatore</strong></span> <span class='ocrx_word' id='word_1_228' title='bbox 398 2521 539 2556; x_wconf 87' lang='lat' dir='ltr'><strong>mensuras</strong></span> <span class='ocrx_word' id='word_1_229' title='bbox 555 2512 583 2555; x_wconf 86' lang='lat' dir='ltr'><strong>et</strong></span> <span class='ocrx_word' id='word_1_230' title='bbox 599 2500 722 2574; x_wconf 81' lang='lat' dir='ltr'><strong>pondera</strong></span> <span class='ocrx_word' id='word_1_231' title='bbox 734 2510 873 2553; x_wconf 83' lang='lat' dir='ltr'><strong>servarent</strong></span> <span class='ocrx_word' id='word_1_232' title='bbox 889 2500 934 2554; x_wconf 81' lang='lat' dir='ltr'><strong>vel</strong></span> <span class='ocrx_word' id='word_1_233' title='bbox 951 2504 1042 2575; x_wconf 85' lang='lat' dir='ltr'><strong>Papa,</strong></span> <span class='ocrx_word' id='word_1_234' title='bbox 1058 2503 1104 2557; x_wconf 81' lang='lat' dir='ltr'><strong>vel</strong></span> <span class='ocrx_word' id='word_1_235' title='bbox 1114 2505 1240 2559; x_wconf 85' lang='lat' dir='ltr'><strong>Senatus.</strong></span> <span class='ocrx_word' id='word_1_236' title='bbox 1259 2506 1314 2559; x_wconf 80' lang='lat' dir='ltr'><strong>Ex-</strong></span> 
     </span>
     <span class='ocr_line' id='line_1_26' title="bbox 218 2589 1314 2664; baseline 0.001 -19"><span class='ocrx_word' id='word_1_237' title='bbox 218 2601 272 2645; x_wconf 89' lang='lat' dir='ltr'><strong>stat</strong></span> <span class='ocrx_word' id='word_1_238' title='bbox 289 2593 362 2644; x_wconf 83' lang='lat' dir='ltr'><strong>enim</strong></span> <span class='ocrx_word' id='word_1_239' title='bbox 377 2593 527 2643; x_wconf 82' lang='lat' dir='ltr'><strong>Iustiniani</strong></span> <span class='ocrx_word' id='word_1_240' title='bbox 543 2591 709 2662; x_wconf 82' lang='lat' dir='ltr'><strong>pragmatica</strong></span> <span class='ocrx_word' id='word_1_241' title='bbox 730 2591 853 2654; x_wconf 87' lang='lat' dir='ltr'><strong>sanctio,</strong></span> <span class='ocrx_word' id='word_1_242' title='bbox 879 2589 956 2661; x_wconf 88' lang='lat' dir='ltr'><strong>cnjus</strong></span> <span class='ocrx_word' id='word_1_243' title='bbox 982 2611 1041 2664; x_wconf 87' lang='lat' dir='ltr'><strong>cap.</strong></span> <span class='ocrx_word' id='word_1_244' title='bbox 1056 2593 1160 2645; x_wconf 85' lang='lat' dir='ltr'><strong>XVIII.</strong></span> <span class='ocrx_word' id='word_1_245' title='bbox 1183 2593 1314 2664; x_wconf 84' lang='lat' dir='ltr'><strong>jubentur</strong></span> 
     </span>
     <span class='ocr_line' id='line_1_27' title="bbox 218 2676 1312 2754; baseline 0.002 -22"><span class='ocrx_word' id='word_1_246' title='bbox 218 2681 278 2733; x_wconf 89' lang='lat' dir='ltr'><strong>dari</strong></span> <span class='ocrx_word' id='word_1_247' title='bbox 295 2679 339 2735; x_wconf 85' lang='lat' dir='ltr'><strong>vel</strong></span> <span class='ocrx_word' id='word_1_248' title='bbox 360 2680 465 2751; x_wconf 82' lang='lat' dir='ltr'><strong>suscipi</strong></span> <span class='ocrx_word' id='word_1_249' title='bbox 487 2679 595 2750; x_wconf 87' lang='lat' dir='ltr'><strong>species</strong></span> <span class='ocrx_word' id='word_1_250' title='bbox 617 2676 661 2730; x_wconf 84' lang='lat' dir='ltr'><strong>vel</strong></span> <span class='ocrx_word' id='word_1_251' title='bbox 680 2678 813 2749; x_wconf 88' lang='lat' dir='ltr'><strong>pecuniae</strong></span> <span class='ocrx_word' id='word_1_252' title='bbox 837 2678 882 2737; x_wconf 66' lang='lat' dir='ltr'><strong>«in</strong></span> <span class='ocrx_word' id='word_1_253' title='bbox 907 2677 963 2732; x_wconf 87' lang='lat' dir='ltr'><strong>iliis</strong></span> <span class='ocrx_word' id='word_1_254' title='bbox 976 2682 1128 2733; x_wconf 70' lang='lat' dir='ltr'><strong>mensuris·</strong></span> <span class='ocrx_word' id='word_1_255' title='bbox 1144 2683 1237 2754; x_wconf 85' lang='lat' dir='ltr'><strong>inquit</strong></span> <span class='ocrx_word' id='word_1_256' title='bbox 1255 2681 1312 2743; x_wconf 67' lang='lat' dir='ltr'><strong>«vel</strong></span> 
     </span>
     <span class='ocr_line' id='line_1_28' title="bbox 220 2765 1312 2844; baseline 0 -23"><span class='ocrx_word' id='word_1_257' title='bbox 220 2766 424 2842; x_wconf 56' lang='lat' dir='ltr'><strong>«ponderibus,</strong></span> <span class='ocrx_word' id='word_1_258' title='bbox 442 2787 511 2844; x_wconf 78' lang='lat' dir='ltr'><strong>qnae</strong></span> <span class='ocrx_word' id='word_1_259' title='bbox 528 2766 688 2818; x_wconf 87' lang='lat' dir='ltr'><strong>beatissimo</strong></span> <span class='ocrx_word' id='word_1_260' title='bbox 706 2765 813 2836; x_wconf 90' lang='lat' dir='ltr'><strong>Papae,</strong></span> <span class='ocrx_word' id='word_1_261' title='bbox 829 2765 872 2820; x_wconf 80' lang='lat' dir='ltr'><strong>vei</strong></span> <span class='ocrx_word' id='word_1_262' title='bbox 895 2765 1064 2839; x_wconf 85' lang='lat' dir='ltr'><strong>amplissimo</strong></span> <span class='ocrx_word' id='word_1_263' title='bbox 1087 2769 1201 2822; x_wconf 85' lang='lat' dir='ltr'><strong>Senatui</strong></span> <span class='ocrx_word' id='word_1_264' title='bbox 1219 2779 1312 2824; x_wconf 85' lang='lat' dir='ltr'><strong>nostra</strong></span> 
     </span>
     <span class='ocr_line' id='line_1_29' title="bbox 219 2852 1311 2928; baseline 0.001 -20"><span class='ocrx_word' id='word_1_265' title='bbox 219 2858 324 2928; x_wconf 60' lang='lat' dir='ltr'><strong>“pietas</strong></span> <span class='ocrx_word' id='word_1_266' title='bbox 340 2857 370 2907; x_wconf 92' lang='lat' dir='ltr'><strong>in</strong></span> <span class='ocrx_word' id='word_1_267' title='bbox 390 2856 529 2926; x_wconf 86' lang='lat' dir='ltr'><strong>praesenti</strong></span> <span class='ocrx_word' id='word_1_268' title='bbox 547 2852 741 2906; x_wconf 67' lang='lat' dir='ltr'><strong>contradidit.»</strong></span> <span class='ocrx_word' id='word_1_269' title='bbox 761 2853 820 2906; x_wconf 89' lang='lat' dir='ltr'><strong>imo</strong></span> <span class='ocrx_word' id='word_1_270' title='bbox 840 2853 919 2906; x_wconf 83' lang='lat' dir='ltr'><strong>etiam</strong></span> <span class='ocrx_word' id='word_1_271' title='bbox 935 2856 964 2906; x_wconf 91' lang='lat' dir='ltr'><strong>in</strong></span> <span class='ocrx_word' id='word_1_272' title='bbox 983 2853 1117 2922; x_wconf 79' lang='lat' dir='ltr'><strong>Ecclesiis</strong></span> <span class='ocrx_word' id='word_1_273' title='bbox 1141 2856 1238 2911; x_wconf 91' lang='lat' dir='ltr'><strong>eodem</strong></span> <span class='ocrx_word' id='word_1_274' title='bbox 1260 2858 1311 2910; x_wconf 87' lang='lat' dir='ltr'><strong>iine</strong></span> 
     </span>
     <span class='ocr_line' id='line_1_30' title="bbox 218 2941 1309 3019; baseline -0.002 -21"><span class='ocrx_word' id='word_1_275' title='bbox 218 2945 358 3000; x_wconf 86' lang='lat' dir='ltr'><strong>adservata</strong></span> <span class='ocrx_word' id='word_1_276' title='bbox 381 2961 441 2996; x_wconf 83' lang='lat' dir='ltr'><strong>esse</strong></span> <span class='ocrx_word' id='word_1_277' title='bbox 463 2941 603 3014; x_wconf 86' lang='lat' dir='ltr'><strong>pondera,</strong></span> <span class='ocrx_word' id='word_1_278' title='bbox 626 2943 707 2994; x_wconf 87' lang='lat' dir='ltr'><strong>testis</strong></span> <span class='ocrx_word' id='word_1_279' title='bbox 732 2949 774 2994; x_wconf 86' lang='lat' dir='ltr'><strong>est</strong></span> <span class='ocrx_word' id='word_1_280' title='bbox 796 2943 946 2995; x_wconf 83' lang='lat' dir='ltr'><strong>Iustiniani</strong></span> <span class='ocrx_word' id='word_1_281' title='bbox 966 2941 1080 2997; x_wconf 84' lang='lat' dir='ltr'><strong>Novella</strong></span> <span class='ocrx_word' id='word_1_282' title='bbox 1105 2950 1172 3007; x_wconf 78' lang='lat'><strong>128,</strong></span> <span class='ocrx_word' id='word_1_283' title='bbox 1195 2965 1254 3019; x_wconf 83' lang='lat' dir='ltr'><strong>cap.</strong></span> <span class='ocrx_word' id='word_1_284' title='bbox 1270 2953 1309 3003; x_wconf 73' lang='lat' dir='ltr'><strong>tt·</strong></span> 
     </span>
     <span class='ocr_line' id='line_1_31' title="bbox 219 3025 1310 3106; baseline -0.002 -21"><span class='ocrx_word' id='word_1_285' title='bbox 219 3035 283 3106; x_wconf 89' lang='lat' dir='ltr'><strong>Quo</strong></span> <span class='ocrx_word' id='word_1_286' title='bbox 295 3041 378 3106; x_wconf 85' lang='lat' dir='ltr'><strong>pacto</strong></span> <span class='ocrx_word' id='word_1_287' title='bbox 394 3039 515 3084; x_wconf 87' lang='lat' dir='ltr'><strong>servatus</strong></span> <span class='ocrx_word' id='word_1_288' title='bbox 532 3028 734 3104; x_wconf 89' lang='lat' dir='ltr'><strong>quodammodo</strong></span> <span class='ocrx_word' id='word_1_289' title='bbox 753 3037 796 3082; x_wconf 86' lang='lat' dir='ltr'><strong>est</strong></span> <span class='ocrx_word' id='word_1_290' title='bbox 811 3031 879 3082; x_wconf 88' lang='lat' dir='ltr'><strong>ritus</strong></span> <span class='ocrx_word' id='word_1_291' title='bbox 895 3025 1047 3101; x_wconf 78' lang='lat' dir='ltr'><strong>Amphorae</strong></span> <span class='ocrx_word' id='word_1_292' title='bbox 1061 3031 1235 3104; x_wconf 83' lang='lat' dir='ltr'><strong>Capitolinae</strong></span> <span class='ocrx_word' id='word_1_293' title='bbox 1251 3034 1310 3087; x_wconf 84' lang='lat' dir='ltr'><strong>Jovi</strong></span> 
     </span>
     <span class='ocr_line' id='line_1_32' title="bbox 216 3117 1309 3192; baseline -0.001 -18"><span class='ocrx_word' id='word_1_294' title='bbox 216 3120 285 3174; x_wconf 90' lang='lat' dir='ltr'><strong>oiim</strong></span> <span class='ocrx_word' id='word_1_295' title='bbox 298 3129 436 3181; x_wconf 83' lang='lat' dir='ltr'><strong>sacratae,</strong></span> <span class='ocrx_word' id='word_1_296' title='bbox 454 3128 500 3182; x_wconf 89' lang='lat' dir='ltr'><strong>ut,</strong></span> <span class='ocrx_word' id='word_1_297' title='bbox 519 3117 749 3192; x_wconf 86' lang='lat' dir='ltr'><strong>quemadmodum</strong></span> <span class='ocrx_word' id='word_1_298' title='bbox 767 3127 873 3173; x_wconf 83' lang='lat' dir='ltr'><strong>veteres</strong></span> <span class='ocrx_word' id='word_1_299' title='bbox 892 3118 1007 3172; x_wconf 81' lang='lat' dir='ltr'><strong>Romani</strong></span> <span class='ocrx_word' id='word_1_300' title='bbox 1030 3117 1151 3172; x_wconf 85' lang='lat' dir='ltr'><strong>solerent</strong></span> <span class='ocrx_word' id='word_1_301' title='bbox 1171 3139 1309 3173; x_wconf 86' lang='lat' dir='ltr'><strong>mansuras</strong></span> 
     </span>
     <span class='ocr_line' id='line_1_33' title="bbox 219 3204 1312 3280; baseline 0 -20"><span class='ocrx_word' id='word_1_302' title='bbox 219 3215 247 3261; x_wconf 82' lang='lat' dir='ltr'><strong>e&#39;t</strong></span> <span class='ocrx_word' id='word_1_303' title='bbox 262 3207 385 3280; x_wconf 83' lang='lat' dir='ltr'><strong>pondera</strong></span> <span class='ocrx_word' id='word_1_304' title='bbox 400 3204 530 3278; x_wconf 88' lang='lat' dir='ltr'><strong>publica,</strong></span> <span class='ocrx_word' id='word_1_305' title='bbox 548 3208 724 3261; x_wconf 85' lang='lat' dir='ltr'><strong>intemeratae</strong></span> <span class='ocrx_word' id='word_1_306' title='bbox 748 3205 889 3260; x_wconf 85' lang='lat' dir='ltr'><strong>custodiae</strong></span> <span class='ocrx_word' id='word_1_307' title='bbox 905 3225 1001 3271; x_wconf 87' lang='lat' dir='ltr'><strong>causa,</strong></span> <span class='ocrx_word' id='word_1_308' title='bbox 1019 3224 1124 3260; x_wconf 83' lang='lat' dir='ltr'><strong>sacrare</strong></span> <span class='ocrx_word' id='word_1_309' title='bbox 1139 3210 1220 3273; x_wconf 83' lang='lat' dir='ltr'><strong>Iovi,</strong></span> <span class='ocrx_word' id='word_1_310' title='bbox 1239 3211 1312 3262; x_wconf 88' lang='lat' dir='ltr'><strong>etin</strong></span> 
     </span>
     <span class='ocr_line' id='line_1_34' title="bbox 219 3293 1311 3368; baseline -0.002 -19"><span class='ocrx_word' id='word_1_311' title='bbox 219 3295 374 3368; x_wconf 86' lang='lat' dir='ltr'><strong>Capitolio,</strong></span> <span class='ocrx_word' id='word_1_312' title='bbox 391 3293 455 3348; x_wconf 89' lang='lat' dir='ltr'><strong>ioco</strong></span> <span class='ocrx_word' id='word_1_313' title='bbox 480 3303 592 3358; x_wconf 85' lang='lat' dir='ltr'><strong>sancto,</strong></span> <span class='ocrx_word' id='word_1_314' title='bbox 612 3294 767 3366; x_wconf 83' lang='lat' dir='ltr'><strong>deponere,</strong></span> <span class='ocrx_word' id='word_1_315' title='bbox 785 3297 823 3348; x_wconf 90' lang='lat' dir='ltr'><strong>ita</strong></span> <span class='ocrx_word' id='word_1_316' title='bbox 843 3293 991 3348; x_wconf 83' lang='lat' dir='ltr'><strong>Christiani</strong></span> <span class='ocrx_word' id='word_1_317' title='bbox 1010 3295 1193 3368; x_wconf 86' lang='lat' dir='ltr'><strong>Imperatores</strong></span> <span class='ocrx_word' id='word_1_318' title='bbox 1210 3295 1311 3351; x_wconf 80' lang='lat' dir='ltr'><strong>vellant</strong></span> 
     </span>
     <span class='ocr_line' id='line_1_35' title="bbox 219 3379 992 3454; baseline -0.004 -16"><span class='ocrx_word' id='word_1_319' title='bbox 219 3383 315 3440; x_wconf 82' lang='lat' dir='ltr'><strong>eadem</strong></span> <span class='ocrx_word' id='word_1_320' title='bbox 332 3385 362 3435; x_wconf 90' lang='lat' dir='ltr'><strong>in</strong></span> <span class='ocrx_word' id='word_1_321' title='bbox 380 3383 504 3436; x_wconf 88' lang='lat' dir='ltr'><strong>sacrariis</strong></span> <span class='ocrx_word' id='word_1_322' title='bbox 517 3379 682 3454; x_wconf 86' lang='lat' dir='ltr'><strong>templorum</strong></span> <span class='ocrx_word' id='word_1_323' title='bbox 698 3384 808 3438; x_wconf 80' lang='lat' dir='ltr'><strong>servani.</strong></span> <span class='ocrx_word' id='word_1_324' title='bbox 827 3384 992 3438; x_wconf 77' lang='lat' dir='ltr'><strong>Weansu.</strong></span> 
     </span>
    </p>

    <p class='ocr_par' dir='ltr' id='par_1_3' title="bbox 219 3468 1308 3632">
     <span class='ocr_line' id='line_1_36' title="bbox 289 3468 1308 3542; baseline -0.002 -18"><span class='ocrx_word' id='word_1_325' title='bbox 289 3471 367 3524; x_wconf 88' lang='lat' dir='ltr'><strong>Vers.</strong></span> <span class='ocrx_word' id='word_1_326' title='bbox 386 3475 429 3535; x_wconf 71' lang='grc'><strong>64.</strong></span> <span class='ocrx_word' id='word_1_327' title='bbox 448 3472 603 3534; x_wconf 82' lang='lat' dir='ltr'><strong>dimidium,</strong></span> <span class='ocrx_word' id='word_1_328' title='bbox 621 3469 693 3525; x_wconf 78' lang='lat' dir='ltr'><strong>Edd.</strong></span> <span class='ocrx_word' id='word_1_329' title='bbox 709 3503 745 3514; x_wconf 88' lang='lat'><em>-</em></span> <span class='ocrx_word' id='word_1_330' title='bbox 759 3473 923 3535; x_wconf 81' lang='lat' dir='ltr'><strong>dimedium,</strong></span> <span class='ocrx_word' id='word_1_331' title='bbox 944 3468 1097 3542; x_wconf 73' lang='lat' dir='ltr'><strong>Coijob.</strong></span> <span class='ocrx_word' id='word_1_332' title='bbox 1113 3472 1156 3524; x_wconf 87' lang='lat' dir='ltr'><strong>sio</strong></span> <span class='ocrx_word' id='word_1_333' title='bbox 1170 3472 1251 3525; x_wconf 86' lang='lat' dir='ltr'><strong>etiam</strong></span> <span class='ocrx_word' id='word_1_334' title='bbox 1263 3489 1308 3524; x_wconf 83' lang='lat' dir='ltr'><strong>su·</strong></span> 
     </span>
     <span class='ocr_line' id='line_1_37' title="bbox 219 3566 417 3632; baseline -0.005 -21"><span class='ocrx_word' id='word_1_335' title='bbox 219 3578 268 3632; x_wconf 88' lang='lat' dir='ltr'><strong>pra</strong></span> <span class='ocrx_word' id='word_1_336' title='bbox 287 3575 357 3612; x_wconf 81' lang='lat' dir='ltr'><strong>vers.</strong></span> <span class='ocrx_word' id='word_1_337' title='bbox 374 3566 417 3616; x_wconf 79' lang='lat'><strong>53.</strong></span> 
     </span>
    </p>

    <p class='ocr_par' dir='ltr' id='par_1_4' title="bbox 221 3645 1309 3809">
     <span class='ocr_line' id='line_1_38' title="bbox 280 3645 1309 3720; baseline 0 -21"><span class='ocrx_word' id='word_1_338' title='bbox 280 3649 346 3713; x_wconf 86' lang='lat' dir='ltr'><strong>sert</strong></span> <span class='ocrx_word' id='word_1_339' title='bbox 360 3665 431 3700; x_wconf 82' lang='lat' dir='ltr'><strong>urna</strong></span> <span class='ocrx_word' id='word_1_340' title='bbox 449 3662 481 3701; x_wconf 88' lang='lat' dir='ltr'><strong>ut</strong></span> <span class='ocrx_word' id='word_1_341' title='bbox 494 3662 520 3702; x_wconf 91' lang='lat' dir='ltr'><strong>et</strong></span> <span class='ocrx_word' id='word_1_342' title='bbox 534 3653 610 3720; x_wconf 80' lang='lat' dir='ltr'><strong>ipsa,</strong></span> <span class='ocrx_word' id='word_1_343' title='bbox 626 3646 698 3702; x_wconf 90' lang='lat' dir='ltr'><strong>Edd.</strong></span> <span class='ocrx_word' id='word_1_344' title='bbox 710 3646 749 3720; x_wconf 91' lang='lat' dir='ltr'><strong>pl.</strong></span> <span class='ocrx_word' id='word_1_345' title='bbox 764 3651 903 3718; x_wconf 75' lang='lat' dir='ltr'><strong>-firtur</strong></span> <span class='ocrx_word' id='word_1_346' title='bbox 918 3665 982 3701; x_wconf 83' lang='lat' dir='ltr'><strong>nam</strong></span> <span class='ocrx_word' id='word_1_347' title='bbox 1000 3660 1031 3702; x_wconf 82' lang='lat' dir='ltr'><strong>ut</strong></span> <span class='ocrx_word' id='word_1_348' title='bbox 1052 3651 1130 3719; x_wconf 78' lang='lat' dir='ltr'><strong>ipsa,</strong></span> <span class='ocrx_word' id='word_1_349' title='bbox 1146 3645 1237 3701; x_wconf 86' lang='lat' dir='ltr'><strong>codd.</strong></span> <span class='ocrx_word' id='word_1_350' title='bbox 1256 3647 1309 3702; x_wconf 84' lang='lat' dir='ltr'><strong>lte-</strong></span> 
     </span>
     <span class='ocr_line' id='line_1_39' title="bbox 221 3733 1307 3809; baseline -0.001 -21"><span class='ocrx_word' id='word_1_351' title='bbox 221 3738 277 3806; x_wconf 82' lang='lat' dir='ltr'><strong>gin.</strong></span> <span class='ocrx_word' id='word_1_352' title='bbox 296 3733 325 3789; x_wconf 82' lang='lat' dir='ltr'><strong>S.</strong></span> <span class='ocrx_word' id='word_1_353' title='bbox 335 3733 427 3788; x_wconf 85' lang='lat' dir='ltr'><strong>Germ.</strong></span> <span class='ocrx_word' id='word_1_354' title='bbox 437 3735 554 3809; x_wconf 86' lang='lat' dir='ltr'><strong>Guelph.</strong></span> <span class='ocrx_word' id='word_1_355' title='bbox 572 3757 594 3793; x_wconf 84' lang='lat'><strong>1.</strong></span> <span class='ocrx_word' id='word_1_356' title='bbox 613 3746 641 3790; x_wconf 92' lang='lat' dir='ltr'><strong>et</strong></span> <span class='ocrx_word' id='word_1_357' title='bbox 653 3754 678 3794; x_wconf 83' lang='lat'><strong>2.</strong></span> <span class='ocrx_word' id='word_1_358' title='bbox 694 3769 730 3778; x_wconf 92' lang='lat'><em>-</em></span> <span class='ocrx_word' id='word_1_359' title='bbox 740 3741 832 3805; x_wconf 70' lang='lat' dir='ltr'><strong>flertur</strong></span> <span class='ocrx_word' id='word_1_360' title='bbox 848 3756 912 3790; x_wconf 85' lang='lat' dir='ltr'><strong>nam</strong></span> <span class='ocrx_word' id='word_1_361' title='bbox 926 3741 1001 3807; x_wconf 82' lang='lat' dir='ltr'><strong>ipsa,</strong></span> <span class='ocrx_word' id='word_1_362' title='bbox 1020 3733 1090 3789; x_wconf 83' lang='lat' dir='ltr'><strong>cod.</strong></span> <span class='ocrx_word' id='word_1_363' title='bbox 1105 3733 1173 3789; x_wconf 89' lang='lat' dir='ltr'><strong>Bob.</strong></span> <span class='ocrx_word' id='word_1_364' title='bbox 1186 3754 1201 3787; x_wconf 89' lang='lat' dir='ltr'><strong>a</strong></span> <span class='ocrx_word' id='word_1_365' title='bbox 1212 3755 1254 3808; x_wconf 84' lang='lat' dir='ltr'><strong>pr.</strong></span> <span class='ocrx_word' id='word_1_366' title='bbox 1272 3755 1307 3788; x_wconf 88' lang='lat' dir='ltr'><strong>m.</strong></span> 
     </span>
    </p>

    <p class='ocr_par' dir='ltr' id='par_1_5' title="bbox 863 3813 1209 3845">
     <span class='ocr_line' id='line_1_40' title="bbox 863 3813 1209 3845; baseline -0.003 0"><span class='ocrx_word' id='word_1_367' title='bbox 863 3813 885 3845; x_wconf 80' lang='lat' dir='ltr'><strong>ut</strong></span> <span class='ocrx_word' id='word_1_368' title='bbox 1204 3831 1209 3836; x_wconf 90' lang='lat'><em>-</em></span> 
     </span>
    </p>
   </div>
   <div class='ocr_carea' id='block_1_3' title="bbox 199 3839 1305 4080">
    <p class='ocr_par' dir='ltr' id='par_1_6' title="bbox 199 3839 1305 4080">
     <span class='ocr_line' id='line_1_41' title="bbox 221 3839 986 3914; baseline 0 -20"><span class='ocrx_word' id='word_1_369' title='bbox 221 3841 271 3894; x_wconf 81' lang='lat' dir='ltr'><strong>aed</strong></span> <span class='ocrx_word' id='word_1_370' title='bbox 286 3839 327 3894; x_wconf 84' lang='lat' dir='ltr'><strong>ihi</strong></span> <span class='ocrx_word' id='word_1_371' title='bbox 342 3849 404 3894; x_wconf 84' lang='lat' dir='ltr'><strong>tert.</strong></span> <span class='ocrx_word' id='word_1_372' title='bbox 419 3843 459 3893; x_wconf 89' lang='lat' dir='ltr'><strong>sic</strong></span> <span class='ocrx_word' id='word_1_373' title='bbox 476 3845 608 3896; x_wconf 83' lang='lat' dir='ltr'><strong>correxit:</strong></span> <span class='ocrx_word' id='word_1_374' title='bbox 630 3845 718 3912; x_wconf 66' lang='lat' dir='ltr'><strong>«ferte</strong></span> <span class='ocrx_word' id='word_1_375' title='bbox 729 3863 833 3898; x_wconf 44' lang='lat' dir='ltr'><strong>aeruna</strong></span> <span class='ocrx_word' id='word_1_376' title='bbox 843 3864 850 3894; x_wconf 93' lang='lat'><em>:</em></span> <span class='ocrx_word' id='word_1_377' title='bbox 859 3863 885 3895; x_wconf 89' lang='lat' dir='ltr'><strong>m</strong></span> <span class='ocrx_word' id='word_1_378' title='bbox 902 3846 986 3914; x_wconf 75' lang='lat' dir='ltr'><strong>ipsa.»</strong></span> 
     </span>
     <span class='ocr_line' id='line_1_42' title="bbox 199 3927 1305 4004; baseline -0.003 -21"><span class='ocrx_word' id='word_1_379' title='bbox 199 3955 205 3968; x_wconf 95' lang='lat'>·</span> <span class='ocrx_word' id='word_1_380' title='bbox 292 3931 435 3992; x_wconf 86' lang='lat' dir='ltr'><strong>medimni,</strong></span> <span class='ocrx_word' id='word_1_381' title='bbox 453 3928 524 3983; x_wconf 88' lang='lat' dir='ltr'><strong>Edd.</strong></span> <span class='ocrx_word' id='word_1_382' title='bbox 539 3963 575 3974; x_wconf 94' lang='grc'>-</span> <span class='ocrx_word' id='word_1_383' title='bbox 589 3932 710 3992; x_wconf 84' lang='lat' dir='ltr'><strong>edemni,</strong></span> <span class='ocrx_word' id='word_1_384' title='bbox 729 3929 799 3984; x_wconf 88' lang='lat' dir='ltr'><strong>Cod.</strong></span> <span class='ocrx_word' id='word_1_385' title='bbox 814 3930 881 3984; x_wconf 88' lang='lat' dir='ltr'><strong>Bob.</strong></span> <span class='ocrx_word' id='word_1_386' title='bbox 899 3949 966 4004; x_wconf 86' lang='lat' dir='ltr'><strong>apr.</strong></span> <span class='ocrx_word' id='word_1_387' title='bbox 983 3949 1018 3983; x_wconf 88' lang='lat' dir='ltr'><strong>m.</strong></span> <span class='ocrx_word' id='word_1_388' title='bbox 1034 3929 1084 3984; x_wconf 82' lang='lat' dir='ltr'><strong>aad</strong></span> <span class='ocrx_word' id='word_1_389' title='bbox 1099 3947 1129 3982; x_wconf 80' lang='lat' dir='ltr'><strong>ex</strong></span> <span class='ocrx_word' id='word_1_390' title='bbox 1148 3927 1255 3987; x_wconf 82' lang='lat' dir='ltr'><strong>amand.</strong></span> <span class='ocrx_word' id='word_1_391' title='bbox 1271 3947 1305 3980; x_wconf 89' lang='lat' dir='ltr'><strong>m.</strong></span> 
     </span>
     <span class='ocr_line' id='line_1_43' title="bbox 223 4020 436 4080; baseline 0 -11"><span class='ocrx_word' id='word_1_392' title='bbox 223 4024 284 4080; x_wconf 81' lang='lat' dir='ltr'><strong>turi,</strong></span> <span class='ocrx_word' id='word_1_393' title='bbox 300 4020 436 4078; x_wconf 78' lang='lat' dir='ltr'><strong>medemru&#39;.</strong></span> 
     </span>
    </p>
   </div>
   <div class='ocr_carea' id='block_1_4' title="bbox 0 0 1458 4814">
    <p class='ocr_par' dir='ltr' id='par_1_7' title="bbox 0 0 1458 4814">
     <span class='ocr_line' id='line_1_44' title="bbox 0 0 1458 4814; baseline 0 1"><span class='ocrx_word' id='word_1_394' title='bbox 0 0 1458 4814; x_wconf 95' lang='lat' dir='ltr'><strong> </strong></span> 
     </span>
    </p>
   </div>
  </div>
 </body>
</html>
