2908 4814
119 645 293 770 Inscriptio.
309 699 369 758 «De
380 699 545 771 ponderibus
549 711 576 766 ,²¹
595 696 666 754 Cod.
682 698 751 754 Boh.
768 700 923 772 «Incipiunt
941 719 1031 756 versus
1039 703 1173 758 Prisciani
1187 703 1221 758 de

120 788 319 860 ponderibus)³
337 785 407 842 Cod.
418 785 523 840 Thuan.
540 790 689 848 «Prisciani
700 789 734 841 de
747 789 911 862 ponderibus
920 803 947 843 et
961 794 1093 844 mensuris
1106 811 1139 846 ee:
1156 811 1220 862 ope-

121 897 153 928 re
167 876 264 948 Rufini
279 879 321 928 uel
334 877 486 938 Fauiam)
507 875 691 946 Codrllegiu.
719 879 811 936 «Remi
830 878 930 930 Favini
950 879 985 930 de
1004 881 1169 951 ponderibus
1194 894 1222 933 et

121 969 254 1017 mensuris
262 977 289 1026 ,²>
307 961 378 1017 Cod.
393 961 515 1016 Morhac.
533 972 561 1016 et
575 963 642 1018 Vos.
660 981 686 1020 ς.
708 967 857 1023 «Prisciani
877 967 994 1021 liberale
1014 969 1180 1038 ponderibus
1195 981 1223 1022 et

122 1057 254 1105 mensuris
269 1073 303 1104 erc
320 1071 400 1122 opere
413 1052 506 1126 Rufini
521 1055 563 1104 vel
571 1053 718 1105 Faviniani
727 1053 761 1104 de
766 1053 930 1123 ponderibus
944 1067 970 1106 et
984 1061 1141 1120 mansurae
1150 1054 1220 1109 Cod.

122 1139 190 1193 Vos.
210 1161 233 1196 1.
263 1140 296 1192 Iu
318 1139 389 1192 Cod.
407 1139 436 1192 S.
456 1138 548 1192 Germ.
567 1139 713 1211 inscriptio
734 1137 910 1193 desideratur.
930 1171 966 1184 -·-
986 1143 1020 1195 In
1036 1141 1109 1196 Edd.
1123 1144 1222 1196 Venet.

124 1227 203 1282 Saec.
217 1229 277 1282 XV.
292 1228 438 1298 inscriptio
455 1227 557 1298 pariter
574 1225 761 1291 desideretur,
780 1226 831 1279 sed
846 1225 898 1280 Ed.
913 1227 991 1300 Lips.
1013 1248 1076 1284 ann.
1093 1240 1160 1306 1494
1174 1229 1224 1283 ha.
1291 1297 1293 1304 Ι

126 1317 177 1368 bet
196 1318 289 1376 «Remi
302 1317 402 1368 Fauini
427 1315 461 1366 de
476 1317 628 1386 ponderum
649 1317 736 1388 deque
758 1334 946 1370 mensurarum
967 1321 1141 1382 uocabulis,‘’
1169 1318 1239 1373 Ed.'

124 1404 202 1476 Lips.
219 1419 262 1455 an.
282 1409 358 1460 1515.
375 1403 513 1462 «libemnii
527 1405 629 1456 Fannii
639 1405 763 1474 pondera
778 1405 898 1456 medica»
916 1402 1007 1458 habet.
1073 1460 1075 1467 ,

195 1491 268 1546 Sunt
288 1491 336 1564 qni
355 1487 435 1560 hujus
461 1489 588 1561 opusculi
605 1492 775 1544 Priscianum
793 1501 932 1544 auctorem
953 1511 1013 1546 esse
1031 1500 1146 1565 putent:
1174 1493 1226 1547 sed

114 1578 254 1635 ¹reclamat
270 1577 440 1632 eruditorum
452 1596 548 1649 magua
564 1598 636 1650 pars.
657 1579 867 1634 Caesareus.

195 1669 309 1722 Remum
324 1667 461 1720 Fauinum
475 1664 615 1738 appellant
628 1668 784 1738 imperfecti
800 1670 935 1739 poematis
956 1677 1095 1722 auctorem
1117 1676 1225 1722 vetuste

127 1755 306 1828 exemplarie;
325 1754 376 1806 sed
391 1763 519 1825 corrupta
534 1756 644 1807 nomina
666 1756 851 1808 existimantes
871 1755 1041 1820 politianus,
1056 1755 1144 1810 Lilius
1159 1758 1225 1810 Fer*

127 1845 271 1908 rariensis,
291 1852 318 1896 et
334 1841 381 1896 elii
398 1840 523 1915 quidam,
541 1843 701 1896 Rbemnium
715 1845 854 1894 Fannium
871 1846 1061 1898 Palaemonem
1076 1864 1126 1915 pro
1142 1848 1226 1898 Remo

126 1936 234 1987 Favino
248 1930 425 2004 appellavere.
445 1931 572 1982 Prostitit
592 1940 681 1982 autem
696 1929 864 2002 aliquamdiu
885 1932 944 1984 sine
962 1933 1043 1986 titulo
1065 1935 1137 1986 inter
1152 1936 1226 1986 Pris-

127 2026 201 2076 ciani
215 2023 318 2092 scripte
333 2036 440 2072 carmen
454 2016 523 2084 hoc;
543 2015 617 2068 unde
630 2013 753 2086 ejusdem
762 2019 899 2071 Prisciani
915 2038 984 2090 opus
1002 2038 1062 2073 esse
1076 2019 1157 2074 multi
1173 2041 1226 2094 pu-

128 2117 262 2168 taverunt.
281 2108 453 2163 Vrrnrus.
582 2143 584 2150 ,
1108 2177 1112 2185 ξ

199 2196 278 2251 vers.
303 2214 326 2264 r.
345 2197 490 2256 Paeoniis,
507 2188 579 2244 Edd.
599 2224 635 2237 —
650 2197 762 2263 peonis,
786 2191 857 2246 Cod.
881 2194 911 2248 S.
931 2195 1023 2250 Germ.
1041 2196 1112 2250 Cod.
1128 2195 1228 2250 Bob.e

127 2305 169 2358 pr.
184 2303 220 2338 m.
238 2283 288 2336 sed
305 2279 463 2336 enemend.
479 2298 535 2332 sec.
550 2283 655 2351 peoniis
672 2311 707 2322 —
721 2283 840 2352 proriis,
858 2279 931 2332 Edd.
950 2283 1048 2338 Venet.
1065 2285 1174 2362 vitiose.
1217 2311 1229 2345 s

198 2375 327 2428 Paeoniis
345 2370 458 2432 libellis,
476 2368 495 2419 i.
513 2385 565 2420 aa
582 2364 699 2418 medicis
715 2367 901 2439 conscriptis,
929 2368 1004 2422 unde
1027 2371 1160 2424 Paeoniae
1185 2391 1228 2426 ar-

128 2471 172 2517 tes
188 2469 216 2513 et
228 2457 435 2530 similiaobvia.
456 2456 679 2509 Burmannus.

152 2537 156 2545 ¹
201 2548 280 2603 Vers.
297 2563 323 2603 2.
341 2546 432 2598 liebus
446 2558 548 2598 natura
564 2547 674 2606 locavit,
683 2541 756 2597 Edd.
765 2563 900 2598 -rerum
913 2558 1015 2599 natura
1028 2547 1138 2610 locabit,
1156 2546 1227 2602 cod.

131 2635 200 2691 Bob.
218 2654 232 2686 a
247 2653 290 2706 pr.
303 2652 339 2686 m.
357 2631 408 2686 sed
422 2651 455 2684 ex
472 2630 579 2684 emend.
596 2649 651 2684 sec.
667 2641 770 2703 recept.

200 2723 279 2778 Vers.
298 2730 324 2780 3.
343 2721 413 2774 Tres
436 2721 543 2793 priores
567 2721 694 2772 carminis
709 2721 799 2774 nostri
814 2738 909 2776 versus
924 2723 1045 2774 Isidorus
1060 2723 1230 2794 Hispalensis

134 2815 230 2885 origg.
238 2813 311 2864 Lihr.
320 2809 381 2864 XV
377 2811 401 2862 I.
416 2809 594 2881 enuntiare
609 2806 645 2860 ed
652 2805 766 2862 verbum
773 2807 931 2861 exscribens
940 2803 981 2860 sic
992 2811 1118 2880 repetiit:
1140 2812 1229 2870 «Pon-

133 2903 243 2962 «derum
255 2919 288 2952 ac
302 2916 490 2952 mensurarum
497 2899 583 2970 juvat
597 2915 758 2967 cognoscere
774 2898 900 2950 modums
919 2915 982 2949 nam
996 2899 1086 2951 omnia
1104 2914 1228 2969 corpora,

133 2990 223 3050 “sicut
240 2987 374 3058 scriptum
391 2994 447 3049 est,
466 2985 606 3037 esummis
621 3001 709 3056 usquc
723 2981 758 3036 ed
775 2985 828 3035 ima
841 2985 870 3036 in
885 3001 1011 3038 mensura
1029 2994 1056 3038 et
1070 3004 1184 3039 numero
1201 2995 1230 3038 et

133 3075 271 3148 «pondere
288 3073 423 3146 disposita
434 3081 499 3126 sunt
514 3063 857 3144 atqueiormete.'Cnnctis
872 3077 1006 3143 corporeis
1021 3071 1101 3126 rebus
1118 3075 1227 3145 pondus

134 3177 253 3224 «natura
267 3163 349 3215 dedit.
365 3164 452 3216 Suum
466 3165 536 3234 regit
550 3164 641 3213 omnia
656 3161 789 3231 pondus.t
809 3161 874 3214 Wn
883 3179 941 3214 rus
951 3181 967 3214 n
976 3180 992 3213 o
1001 3179 1048 3214 rr.

203 3251 282 3306 Vere.
300 3257 326 3312 4.
344 3252 487 3312 Pondere,
506 3246 575 3302 Cod.
592 3245 660 3301 Boh.
677 3245 749 3300 Edd.
762 3279 798 3291 -
811 3248 954 3319 pondera,
973 3249 1044 3304 (iod.
1063 3246 1168 3304 Thura.

203 3351 314 3400 manet,
331 3338 351 3390 i.
366 3358 388 3391 e.
405 3339 481 3390 firma
494 3346 531 3390 et-
539 3338 651 3388 immota
665 3336 801 3389 subsistit.
822 3336 1031 3390 Caesarius.

204 3427 330 3498 Respicit
344 3424 391 3480 illa
408 3429 498 3480 Ouidii
512 3424 694 3495 Metamorph.
711 3426 784 3478 Libr.
800 3426 824 3476 I.
842 3445 907 3478 vers.
927 3431 969 3480 13.

305 3515 380 3574 «Nec
391 3513 564 3586 'circumfuso
583 3511 723 3584 pendebat
741 3513 770 3565 in
789 3531 848 3566 aere
867 3511 949 3566 tellus

308 3601 496 3663 «Ponderibus
514 3599 613 3654 librata
631 3602 688 3652 suis
697 3614 720 3668 ς»
1173 3657 1197 3684 ΙΙ
1274 3664 1279 3673 ι

136 3695 187 3748 ubi
201 3692 274 3748 ride.
288 3693 438 3764 Postquam
459 3707 523 3760 ergo
544 3687 682 3742 instabilis
707 3697 801 3752 antee,
818 3706 913 3759 pressa
929 3683 1057 3758 gravitate
1072 3705 1121 3754 sua
1136 3681 1228 3742 locum

129 3782 262 3856 accepit,
280 3788 371 3832 manet
384 3777 506 3850 pondere
521 3796 571 3831 suo
588 3775 703 3830 stabilis.
721 3763 943 3830 Burmannus.

210 3889 311 3924 uacuus
329 3887 454 3942 quoque,
473 3865 562 3920 Codd
589 3873 617 3918 et
634 3863 706 3918 Edd.
723 3863 761 3938 pl.
780 3883 936 3919 -uacuus
949 3885 1051 3940 neque,
1069 3861 1141 3916 Edd.
1158 3862 1227 3915 Cae-

140 3978 192 4013 sar.
206 3969 235 4013 et
249 3959 337 4018 llirin.
356 3956 526 4028 Quamquam
539 3951 593 4010 hoc
614 3961 819 4010 contreomnes
842 3951 929 4032 libros¹
949 3949 1226 4034 statuunt‚¹(Caeser.
1311 4023 1313 4028 Ι

1073 4037 1166 4110 epit.
