2950 4810
643 289 660 336 ᾗ
684 291 707 358 9

249 457 375 528 Exitiis
394 457 540 556 rapiunt
551 450 667 552 dignis
685 471 723 530 et
737 455 913 557 principis
929 457 1001 542 ira,

249 572 300 644 Et
316 573 381 672 qui
394 597 460 675 spe
475 568 569 642 fluxa
585 571 745 642 frustrati
761 587 892 648 cuncta
909 567 1102 660 tenebant,

252 687 313 761 Nil
331 689 414 760 satis
432 711 513 759 esse
528 685 597 758 sibi
611 682 825 777 credentes,
848 684 920 760 tela
938 681 1141 775 movendo,

254 802 428 876 Cautibus
442 801 600 900 angustis
617 801 780 875 conclusi
796 804 867 874 fata
881 799 1093 889 trabebant,
1252 815 1336 920 sopp
1346 833 1367 864 r.

180 919 227 1017 95
252 918 494 1019 Pejoremque
512 919 643 991 famem
662 914 934 992 crudelimorte
950 915 1131 1007 tulerunt,
1277 891 1305 923 ω
1317 892 1343 922 '⁸

256 1037 357 1128 Quae
373 1033 458 1136 plus
474 1036 642 1134 corrupit
656 1059 764 1132 quam
787 1054 910 1108 cetera
926 1033 1054 1105 funera
1067 1035 1202 1123 victos,

224 1135 228 1148 ¹
253 1149 303 1222 Et
317 1172 459 1224 mentes
481 1146 601 1222 avidas
619 1147 717 1221 orbis
732 1151 958 1249 consumpsit
972 1167 1122 1246 egestas.

252 1266 424 1368 Principe
438 1293 508 1367 pro
523 1265 620 1364 justo
642 1282 760 1338 taceat
774 1267 854 1363 quis
878 1263 1036 1337 fulminis
1051 1261 1170 1335 ictusl

252 1381 345 1456 Nam
361 1407 454 1478 quos
472 1405 547 1452 non
565 1379 677 1454 valuit
701 1379 815 1452 robur
838 1404 1075 1480 cormmpere
1098 1379 1243 1468 Martis,

162 1521 228 1568 roc
253 1496 288 1570 N
290 1521 333 1568 ec
351 1495 405 1567 tot
419 1492 615 1568 ductorum
629 1491 850 1567 circumdata
865 1496 1009 1566 moenia
1021 1492 1133 1584 vallo,

254 1610 388 1706 Dejicit
401 1607 470 1683 hos
489 1612 619 1682 summi
635 1612 809 1707 genitoris
825 1606 974 1682 dextera
991 1605 1142 1705 ssagrans
1151 1662 1163 1700 ,

255 1724 413 1824 Injustos
431 1745 557 1820 contra
570 1727 756 1827 praesenti
771 1726 920 1796 numine
932 1747 1107 1824 pugnans.

257 1841 288 1912 Ο
307 1842 421 1940 pietas
437 1861 641 1941 praestans,
658 1858 737 1914 toto
753 1836 998 1913 memorabilis
1015 1865 1121 1929 aero,

254 1955 328 2028 Pro
348 1981 420 2054 qua
435 1982 519 2028 cnm
533 1958 650 2030 ventis
666 1958 852 2029 sociantur
864 1951 1005 2056 proelia
1021 1953 1175 2043 nimbis,

163 2069 228 2143 105
252 2069 400 2166 Igptibus
415 2091 453 2144 et
466 2070 601 2173 rapidis
616 2091 800 2144 armantur
818 2069 962 2168 fulgura
976 2067 1076 2140 bello
1084 2121 1096 2159 ,

254 2187 545 2286 Percutiuntque
563 2213 654 2260 sono
671 2213 847 2260 concussa
864 2187 1027 2259 tonitrua
1042 2203 1195 2257 montes.

256 2298 359 2392 Quid
373 2321 609 2401 tempestates
628 2301 838 2375 memorabo
854 2299 1026 2372 fluctibus
1041 2318 1160 2387 ortas,

255 2414 377 2512 Atque
393 2408 508 2485 hostis
523 2414 658 2516 Lyciae
674 2416 856 2518 projectas
874 2414 984 2487 litore
1003 2411 1148 2484 classis?

259 2527 352 2602 Cum
364 2530 442 2601 vice
458 2533 599 2602 romani
616 2531 762 2605 fisnetae
778 2547 866 2604 sunt
880 2528 1001 2602 militis
1016 2522 1158 2616 undae,

165 2669 232 2716 110
259 2642 460 2744 Sceptrifer
474 2664 512 2717 et
535 2649 633 2747 cepit
650 2644 779 2748 pelago
796 2664 985 2748 pugnante
1006 2641 1247 2745 triumphum.

262 2761 391 2831 Omnia
403 2761 455 2830 sic
470 2757 601 2846 habuit
615 2764 728 2835 virtus
747 2760 927 2838 elementa
943 2758 1069 2833 saluti!

210 2943 217 2958 ,
262 2874 352 2966 Quis
371 2894 515 2975 repetat
534 2879 668 2950 totiens
685 2880 780 2950 acies
796 2897 1008 2976 stragesque
1022 2891 1211 2976 peractas,

236 2988 515 3090 .Aequatasque
528 2990 607 3064 solo
630 2992 775 3064 sublimi
795 2995 953 3091 tegmine
969 3010 1109 3079 turres,
1134 3081 1136 3088 Ι

257 3105 468 3203 Agminibus
492 3105 636 3181 domitis
661 3134 744 3178 cum
766 3127 872 3209 parte
893 3104 1107 3180 cadentibus
1132 3104 1247 3195 omni,

167 3218 234 3294 115
260 3219 426 3292 Flumina
439 3222 629 3296 torrebant
641 3221 758 3294 fluviis
777 3242 915 3295 mutata
933 3223 1092 3310 cruoris,

259 3335 308 3407 Et
321 3362 441 3439 prope
457 3337 674 3440 corporibus
688 3340 800 3438 raptis
817 3357 904 3410 sunt
917 3340 1007 3412 ostia
1022 3335 1162 3424 clausa3
1259 3333 1269 3346 ’

263 3451 370 3524 Tunc
385 3479 485 3526 mare
502 3455 653 3526 confuso
670 3452 832 3526 rutilavit
847 3455 1020 3551 sanguine
1037 3454 1193 3542 victum,

260 3565 310 3669 Et
326 3571 438 3640 saturi
457 3571 577 3671 pisces
592 3587 776 3669 tempsere
795 3567 969 3642 cadavera
987 3566 1103 3669 plura.

150 3751 153 3762 .
262 3679 323 3754 Sic
339 3686 404 3782 qui
417 3684 612 3787 sperabant
630 3687 787 3785 captivas
806 3681 945 3759 ducere
965 3703 1119 3772 matres,

171 3822 237 3872 120
261 3797 384 3898 Atque
397 3801 471 3871 frui
486 3799 611 3902 spoliis
627 3801 726 3873 urbis
746 3802 914 3900 sacrique
936 3799 1066 3902 palati,

262 3914 311 3986 Et
324 3939 431 4014 reges
445 3918 597 4007 iterum,
619 3915 823 3990 infandum!
842 3943 882 3990 se
898 3913 1058 3990 reddere
1072 3913 1200 4000 nobis5

1399 2265 1406 2304 l
