2950 4810
255 261 273 296 ⁸
769 275 815 344 36

258 471 347 520 ιιτος,
366 449 471 524 ἠρώτα
489 445 529 521 μή
551 462 580 500 τι
599 441 791 515 προστιθέναι
811 441 923 520 μέλλει
939 445 976 519 τῇ
994 445 1170 524 συμβουλῇ·
1197 445 1240 506 ὡς
1255 448 1289 504 δὲ
1304 449 1347 506 δι’

259 551 343 614 «ἑνὸς
365 551 495 630 ῥήματος
523 551 620 603 πᾶσαν
645 537 702 624 ἔφη
725 549 780 620 τὴν
805 543 914 624 ἀρετὴν
936 551 1149 623 δεδηλῶσθαι,
1174 545 1346 622 αἰδεσθεὶς,

258 641 379 732 «οἶμαι,
396 656 452 730 τὴν
470 648 665 722 παραίνεσιν,
687 647 762 706 ἴσως
784 645 873 708 ἄκων
896 643 985 726 ὤφθη
1009 655 1236 728 φιλάνθρωπος.
1255 655 1291 710 σὺ
1308 654 1346 710 δὲ

216 809 221 816 .
258 757 364 833 «φύσει
380 756 415 813 τὸ
429 751 529 812 καλὸν
546 742 750 825 ἐπιστάμενος,
767 746 891 809 οἰκόθεν
907 737 987 824 siris
1005 754 1059 827 τὴν
1079 753 1272 832 συμβουλήν·
1287 760 1344 812 καὶ

258 863 362 932 «χάριν
380 855 480 914 ἴσασιν
502 849 696 929 ἡττηθέντες,
715 839 817 928 οἶμαι,
839 855 893 909 aul
912 853 985 930 μίαν
1002 851 1146 934 ἡγοῦνται
1172 861 1347 936 συμφορὰν,

258 961 310 1020 «τὸ
326 963 467 1016 τοιοῦτον
483 952 555 1014 ὄντα
570 947 809 1030 aeternalium
833 955 884 1014 «Hi
895 957 979 1027 igitur
994 957 1076 1030 paulo
1097 969 1163 1032 post
1175 961 1345 1016 intellecturi

256 1064 365 1118 «erant,
385 1063 512 1127 quantam
526 1051 701 1122 Imperatoris
717 1048 911 1104 humanitatem
927 1051 962 1105 ed
977 1052 1085 1125 dignam
1099 1056 1165 1108 iram
1179 1076 1345 1128 provocave-

255 1144 342 1208 «rint3
361 1141 428 1195 licet
447 1147 619 1195 nontantam
634 1157 750 1212 poenam
766 1141 871 1212 experti
883 1143 948 1205 sint,
963 1151 1089 1215 quarum
1104 1147 1277 1198 meruissent.
1287 1145 1346 1200 Sed

255 1232 362 1292 ,vicisti
376 1229 466 1283 denuo
482 1248 497 1281 o
513 1227 680 1300 Imperator!
697 1226 860 1281 rebellantes
881 1227 993 1302 quidem
1015 1249 1121 1303 pugna,
1145 1235 1234 1286 victos
1255 1243 1346 1287 autem

256 1318 460 1390 «benignitate3
480 1324 508 1369 ct
521 1314 671 1369 ostendisti
686 1335 777 1370 revera
784 1317 899 1370 virtutes
916 1335 976 1372 sese
989 1319 1106 1373 invicem
1120 1323 1259 1388 comitari3
1276 1339 1346 1394 quos

183 1433 189 1448 ·
254 1409 342 1466 “enim
358 1405 520 1460 fortitudine
539 1401 684 1458 debellasti
700 1413 728 1457 et
742 1403 888 1475 prudentia
902 1405 1014 1460 militari
1028 1425 1058 1459 ac
1074 1408 1145 1460 varia
1167 1411 1345 1462 certaminum

253 1494 417 1558 «felicitate,
435 1492 486 1547 hos
500 1490 669 1556 humanitas,
689 1511 756 1564 quae
773 1493 871 1544 ceteris
885 1493 1033 1546 virtutibus
1049 1493 1194 1565 conjuncta
1209 1505 1267 1559 est,
1288 1515 1344 1550 ser·

254 1602 330 1642 «vare
347 1571 479 1654 jubebat,
499 1589 526 1632 et
540 1578 641 1650 duplex
660 1579 712 1631 tibi
730 1581 840 1632 erexisti
855 1577 1031 1652 trophaeum,
1050 1584 1202 1655 posteriore
1217 1585 1342 1637 vincente

251 1673 359 1743 ,prium
379 1671 488 1724 vincere
506 1668 579 1719 enim
594 1664 688 1720 hostes
707 1665 792 1720 solius
810 1667 925 1719 fortasse
940 1669 1082 1734 fortunae,
1104 1673 1235 1724 victoriae
1253 1680 1343 1723 autem

251 1757 381 1818 «bellicae
403 1756 521 1828 adjicere
544 1753 733 1817 elementiam,
750 1751 802 1806 hoc
826 1762 899 1807 certe
919 1759 1031 1810 nonnisi
1051 1759 1161 1810 virtrnis
1183 1757 1345 1830 trophaeum

251 1855 317 1906 «est.
336 1846 399 1900 Non
418 1842 646 1918 quemadmodum
655 1841 800 1913 Philippus
816 1839 950 1908 Macedo,
969 1843 1100 1898 barbarus
1118 1863 1209 1900 revera
1221 1855 1251 1900 et
1259 1847 1345 1902 Grae·

250 1953 361 1995 «corum
380 1931 541 1985 infelicitate
567 1929 697 1993 celebris,
717 1932 765 2002 qui
781 1931 892 2000 triginta
917 1930 1024 1987 duabus
1041 1931 1208 1988 Chalcidicis
1228 1933 1345 1988 urbibus
1387 1930 1392 1934 ⁵

250 2019 361 2082 “fraude
379 2029 407 2071 et
425 2017 490 2072 dolo
508 2019 614 2089 captis,
633 2035 677 2070 eas
699 2017 825 2070 funditus
840 2016 956 2084 delevit,
974 2022 1014 2076 ita
1037 2030 1069 2075 ut
1091 2020 1189 2076 lateret
1212 2041 1247 2074 an
1265 2025 1344 2096 prius

249 2109 420 2174 «extiterint3
438 2115 470 2159 ut
480 2115 600 2170 taceam,
620 2125 674 2180 quo
690 2104 774 2159 modo
791 2107 987 2179 sapientissimi
1003 2106 1184 2165 Athenienses
1205 2129 1234 2162 se
1248 2109 1345 2165 adver-

251 2214 318 2260 ,osus
336 2181 436 2247 Melies
455 2203 481 2246 et
488 2194 639 2266 Sicyoneos
657 2195 798 2265 gesserint.
818 2196 863 2247 Tu
876 2213 949 2260 vero,
963 2196 1128 2267 justis'licet
1141 2197 1294 2252 rationibus
1311 2197 1348 2252 ad

250 2286 334 2344 “iram
347 2291 526 2356 provocatus,
544 2300 600 2334 non
618 2300 649 2335 eo
665 2284 829 2354 processisti
846 2303 861 2336 o
878 2283 1046 2356 Imperator!
1066 2285 1117 2338 sed
1131 2293 1259 2359 tanquam
1266 2296 1346 2360 peter

248 2370 374 2434 «bonus,
395 2368 624 2442 quemadmodum
637 2378 665 2421 te
679 2370 771 2441 ipsum
783 2372 947 2436 nominasti,
964 2390 1058 2445 sapere
1081 2391 1128 2426 eos
1143 2373 1232 2426 solum
1257 2374 1344 2428 docu'-

249 2460 329 2522 «isti,
345 2467 374 2511 et
390 2455 487 2509 urbem
502 2458 674 2521 concessisti,
693 2476 708 2507 a
724 2465 751 2509 te
767 2459 829 2529 ipso
846 2457 999 2522 conditum,
1019 2467 1046 2511 et
1063 2461 1202 2530 regionem
1218 2461 1343 2530 felicem5

250 2556 295 2608 ‘oet
306 2544 404 2600 rohore
420 2564 474 2617 quo
484 2543 605 2616 reliquos
621 2553 760 2614 superant,
778 2563 852 2598 nunc
865 2544 995 2598 decenter
1007 2555 1130 2600 utuntur.
1148 2550 1270 2620 Dignum
1286 2569 1346 2602 cer-

250 2642 293 2694 «te
307 2629 473 2704 Imperatore
487 2632 612 2695 facinus,
631 2639 659 2683 et
674 2650 783 2684 omnem
799 2650 877 2705 spem
891 2632 1044 2702 excedeus;
1062 2637 1101 2688 ita
1123 2645 1155 2689 ut
1173 2627 1264 2710 ipsum
1277 2637 1344 2692 Ale-

249 2721 396 2785 ,xandrum
412 2721 487 2791 regio
503 2721 593 2773 animo
616 2736 743 2794 superare
766 2719 834 2773 mibi
855 2721 986 2786 videaris,
1011 2724 1058 2796 qui
1077 2733 1223 2798 postquam
1240 2725 1344 2779 Indum

251 2828 357 2884 ,pugna
369 2810 473 2862 victum
490 2807 625 2878 cepisset,
645 2806 790 2872 consilium
804 2809 838 2861 ab
853 2808 932 2863 hoste
945 2812 1037 2883 petiit,
1056 2831 1109 2885 quo
1128 2811 1193 2866 dum
1209 2833 1279 2886 opus
1294 2811 1344 2867 ha·

253 2897 354 2962 «beret,
368 2903 503 2962 uteretur,
524 2913 556 2946 eo
571 2911 634 2947 vero
647 2896 721 2965 regio
737 2897 826 2950 animo
840 2897 1033 2970 respondente,
1043 2909 1071 2952 et
1087 2899 1152 2952 dum
1161 2903 1343 2974 interrogare-

249 2997 323 3051 «tur,
342 3003 376 3038 an
391 2981 461 3036 nihil
480 2979 597 3054 amplius
615 2980 733 3035 subdere
749 2984 847 3048 vellet,
866 2987 948 3038 unico
964 2985 1046 3041 verbo
1063 2989 1191 3041 virtutem
1205 3009 1220 3041 a
1240 3009 1270 3042 se
1282 3009 1339 3042 ma-

248 3075 416 3136 ,affectatam
430 3087 495 3123 esse
508 3068 681 3122 adfirmante:
701 3069 934 3139 adhortationem,
948 3083 979 3128 ut
992 3077 1099 3151 opinor,
1109 3079 1252 3142 reveritus,
1271 3097 1339 3132 con·

249 3171 306 3221 “tra
321 3159 489 3216 voluntatem
503 3156 653 3230 benignum
669 3176 699 3212 se
715 3158 845 3214 exhibuit.
865 3162 909 3214 Tu
923 3181 987 3217 vero
1004 3181 1019 3214 a
1040 3171 1135 3216 natura
1159 3165 1190 3217 id
1205 3167 1280 3239 quod
1295 3168 1338 3238 ju-

249 3259 338 3310 «stum
361 3257 410 3318 est
419 3246 506 3320 probe
521 3246 696 3318 intelligens,
715 3268 730 3299 a
742 3258 827 3304 temet
842 3251 904 3323 ipso
923 3249 1069 3304 consilium
1084 3258 1177 3318 tenes,
1195 3263 1222 3306 et
1238 3257 1337 3326 gratias

197 3373 200 3382 ‚
247 3337 384 3397 «referunt
399 3335 476 3399 victi,
490 3336 579 3399 unica,
596 3343 628 3389 ut
641 3333 709 3390 mihi
723 3337 848 3402 videtur,
859 3357 939 3414 'nune
964 3337 1113 3400 calamitate
1137 3341 1242 3410 affecti-5
1262 3343 1338 3417 quod
1358 3409 1360 3414 Ι

248 3434 290 3486 «ιε
304 3421 390 3490 talem
407 3421 596 3478 offenderint.»
1107 3427 1110 3432 ⁴

315 3531 393 3586 Vera.
415 3535 579 3604 res-139.
599 3529 757 3583 Anastasius
774 3528 908 3586 delatores
934 3551 966 3586 ex
989 3531 1056 3586 urhe
1082 3534 1176 3606 ejecit,
1194 3543 1266 3588 teste
1285 3537 1338 3589 Oc-

249 3628 333 3680 dreno
352 3644 417 3696 pag.
443 3629 512 3697 375:
543 3617 735 3685 «obruereris
752 3628 922 3700 ὁηλάτορας
938 3625 975 3684 ἔτι
999 3631 1051 3704 τῆς
1068 3631 1192 3686 πόλεως
1209 3631 1339 3687 τελείως

251 3719 445 3804 «ἱὶἑκοψεν.”
468 3727 540 3788 «Iste
556 3725 690 3782 delatores
706 3747 738 3780 ex
752 3708 819 3781 urbe
832 3728 956 3784 funditus
970 3731 1073 3785 excidit
1079 3746 1103 3796 ‚t
1124 3747 1150 3786 et
1170 3735 1258 3788 Snida
1273 3755 1339 3788 voce

247 3827 401 3906 Δηλάτωρ
424 3831 485 3884 edit.
502 3832 579 3886 Kitst.
599 3845 662 3886 tom.
687 3832 710 3883 1.
730 3852 796 3904 pag.
813 3833 881 3888 536:
915 3828 1129 3894 «Ἆναστιίσιος
1151 3833 1169 3893 ὁ
1189 3836 1338 3910 βασιλεὺς

215 3975 231 4000 ι,
253 3925 427 4008 «Ῥωμαίὢν
444 3929 479 3987 τὸ
504 3935 555 4006 τῆς
572 3932 764 4016 ὁηλατωρίας
785 3935 881 3990 πάθος
903 3943 1079 4012 τιμωρεῖται
1101 3938 1173 4013 πρὸς
1195 3946 1260 3996 τοῖς
1284 3939 1340 4000 tt-
