2950 4810
602 268 786 370 ...an

243 433 393 530 Argenti
410 429 573 504 relevans
591 450 701 528 atque
715 433 794 502 auri
809 427 1205 530 ponderamuudum‚'‘
1315 479 1316 488 κ

243 548 514 648 Perpetuoque
524 572 653 645 parans
677 546 745 618 sibi
761 548 912 618 maxima
922 551 1083 648 praemia
1099 548 1207 636 caeli,

128 663 215 740 155
242 665 393 738 Divitias
411 665 539 737 temni-t
548 717 559 752 ,
584 687 658 762 quo
673 660 829 763 prodest
846 663 1136 736 omnibusunus.

243 780 410 877 Namque
429 778 551 850 cibum
567 797 741 880 poterant
754 781 820 877 qni
835 781 893 852 vix
907 777 1101 876 adquirere
1116 780 1230 869 vitae,

243 893 374 967 Oblata
391 897 515 967 miseri
530 893 710 967 thesauris
724 921 877 968 munere
895 894 1052 986 flebant,

231 1012 395 1082 Munere
413 1037 496 1082 cum
510 1011 647 1106 gemitu
667 1012 761 1082 tristi
777 1009 1017 1111 lacrymisque
1036 1031 1164 1095 coacto
1174 1041 1184 1102 3

180 1175 184 1180 -
241 1129 389 1228 Quippe
405 1125 516 1198 dabat
528 1151 651 1196 causas
669 1125 836 1199 violentis
853 1126 956 1198 lucra
969 1126 1122 1228 parandi
1131 1183 1143 1220 ,

131 1241 211 1334 160
235 1243 286 1315 Et
300 1241 413 1334 mala,
428 1268 523 1341 quae
537 1239 662 1342 plures
683 1239 830 1342 pridem
846 1240 988 1332 dixere,
1010 1265 1180 1316 canentes

236 1359 400 1432 Romano
414 1378 550 1431 vestras
564 1358 622 1430 vel
636 1359 734 1456 grajo
751 1361 908 1458 carmine
923 1357 1062 1433 laudes.

218 1529 220 1534 ,
235 1473 287 1557 Et
299 1492 535 1574 quolsceptra
550 1457 632 1546 loco
648 1471 804 1548 dederat
822 1473 888 1544 tibi
902 1493 1026 1548 rector
1044 1475 1203 1581 Olympi,
1295 1495 1300 1506 '

238 1589 325 1678 Quo
342 1609 451 1690 caput
468 1592 546 1690 ipse
560 1608 664 1661 tuum
678 1593 798 1690 primo
810 1588 1023 1664 diademate
1039 1594 1170 1684 cinxit',

156 1701 160 1710 ¹
235 1705 305 1776 Hic
322 1705 388 1776 sibi
406 1704 532 1778 donari
552 1704 731 1804 librorum
743 1703 834 1780 vidit
849 1731 1016 1796 acerVOS,

136 1819 211 1892 165
240 1821 417 1894 Censibns
433 1824 607 1913 infestos,
625 1841 809 1896 servantes
823 1824 958 1922 'scripta
976 1819 1162 1896 dolorum:

234 1937 387 2009 Mu'nera
401 1939 603 2038 suscipiens
618 1934 768 2008 flammis
786 1943 934 2010 aeter'na
950 1935 1084 2026 beatis,
1234 1934 1350 2046 Fiitlll'

231 2049 291 2124 Ad
310 2079 399 2152 quas
416 2055 570 2126 accessi-t
584 2051 750 2153 placidus
765 2055 877 2150 magis
897 2052 1062 2142 omnibus
1082 2056 1169 2146 aris,

231 2167 383 2272 Aspexit
396 2189 538 2243 vestros
561 2165 670 2238 radiis
688 2167 744 2240 sol
762 2194 893 2240 aureus
913 2170 1033 2266 ignes,

233 2283 284 2356 Et
303 2283 476 2383 placuere
494 2281 592 2354 diem
609 2280 779 2353 violantia
797 2281 932 2352 lumina
949 2284 1069 2373 sumn,

130 2425 205 2497 170
233 2399 336 2492 Quae
349 2425 443 2499 pura
460 2397 602 2495 fulgens
616 2394 785 2468 accendis
800 2401 924 2468 mente
943 2422 1105 2480 serenus¹

230 2517 315 2617 Ipse
333 2514 437 2588 locus
453 2514 555 2587 vobis
574 2510 736 2587 ostendit
750 2512 831 2610 jure
851 2531 1017 2612 tropaea,

232 2630 376 2703 Obtulit
390 2649 431 2702 et
447 2633 584 2702 vinctos
600 2628 713 2703 oculis
733 2626 966 2728 domitosque
982 2647 1170 2728 tyrannos,

226 2747 321 2820 Ante
338 2744 455 2846 pedes
476 2765 615 2819 vestros
633 2742 763 2818 mediis
780 2744 1012 2828 Circensibus
1035 2765 1146 2818 actos.

225 2861 398 2936 Aemilius
417 2860 603 2960 quondam
621 2857 772 2950 Paulus,
799 2862 1015 2932 fortissimus
1032 2859 1114 2950 ille,

127 2978 198 3077 ¹75
226 2979 286 3054 Sic
301 3005 426 3076 regem
439 2978 596 3066 Persen,
616 2975 757 3076 populo
770 2993 960 3074 spectante
978 2973 1091 3048 latino
1100 3028 1113 3066 ,

225 3095 403 3168 Curribus
423 3096 606 3183 invectus,
626 3089 820 3192 Tarpeiam
833 3091 939 3160 traxit
952 3088 999 3161 ad
1013 3116 1134 3162 arcem
1140 3146 1152 3181 ,

117 3293 121 3306 ‚
221 3207 455 3308 Placavitque
475 3209 604 3282 Jovem
623 3203 802 3306 Capitolia
818 3203 954 3305 templa
972 3224 1175 3279 tenentem:

225 3326 467 3424 Omnipotens
482 3321 550 3396 sed
573 3343 609 3395 te
627 3321 802 3421 supersim
816 3323 1006 3420 conspexit
1025 3321 1068 3391 ab
1085 3349 1168 3396 arce
1177 3379 1188 3414 ,

221 3439 378 3516 Numina
396 3439 603 3542 placentem
620 3437 787 3510 caelestia
806 3436 942 3536 templa
964 3440 1129 3510 tenentis.

128 3559 195 3631 180
220 3555 402 3655 Auspiciis
417 3554 555 3653 gaude,
573 3556 770 3654 Princeps,
789 3552 956 3638 felicibus
974 3553 1095 3627 aulae!

223 3668 391 3745 Cuideus
399 3673 632 3773 'omniparens
642 3667 892 3742 renovandum
902 3667 1061 3742 credidit
1072 3670 1209 3762 orbem,

218 3787 475 3886 Justitiamque
487 3787 593 3886 jubet
608 3783 835 3858 descendere
856 3811 983 3857 rursus
1001 3787 1045 3858 ab
1062 3813 1125 3859 axe
1134 3816 1145 3876 3

187 3971 190 3979 .
219 3903 269 3976 Et
282 3901 403 4010 faciles
423 3903 596 4006 precibus
615 3901 841 4004 populorum
858 3900 1031 4001 praebuit
1049 3927 1174 3990 aures,
1273 3881 1289 3920 λ’
