2908 4814
683 294 863 401 ...¹2⁸4-

221 460 327 510 Caesar.
347 456 436 508 Burm.
459 455 592 509 Wcrnsd.
617 455 715 510 Lectio
738 455 809 510 Cod.
832 455 904 512 Bab:
923 473 982 510 rem
1001 457 1071 510 male
1088 459 1216 532 quidem,
1230 461 1292 513 sed
1316 483 1333 514 e

218 554 310 600 mente
326 546 445 598 auctoris
464 542 590 616 explicat.

288 633 417 688 Simulari
432 635 552 688 crassius
569 631 644 686 unda
656 629 781 704 explico:
800 633 922 688 centius·
931 641 983 699 est
999 653 1080 708 11111111
1095 643 1127 692 ut
1140 635 1216 689 unda
1227 637 1332 691 simu..

216 722 275 788 lari,
283 720 336 776 lroc
345 711 396 788 est,
405 723 516 795 aequari
528 719 572 776 rel
581 723 733 794 comparari
747 739 809 774 cum
824 721 899 778 unda
912 730 1002 795 queat.
1018 723 1067 778 Sic
1076 741 1167 796 supra,
1181 741 1251 780 vers.
1262 731 1330 785 82:

315 809 529 884 «Sicilicumque
545 808 599 863 tibi
613 818 718 882 mystro
735 809 864 872 simulare
878 809 1000 866 licebit-³
1020 813 1190 868 Wsarsn.

286 899 365 954 Vers.
386 909 446 966 141.
464 900 535 952 Siste
542 902 661 973 jugum,
674 907 797 974 tempera
812 901 960 964 trutinam,
979 909 1008 954 et
1023 899 1058 954 ab
1075 899 1256 954 inclinatione
1276 921 1328 956 re·

215 979 297 1054 ioca,
311 987 392 1062 'qnod
406 1005 517 1040 examen
533 989 665 1060 castigare
683 987 753 1042 dicit
767 988 879 1056 Persius
905 989 929 1040 1.
947 1011 971 1062 7.
989 989 1091 1060 lugunt
1113 1009 1164 1062 pro
1178 989 1257 1046 basta
1274 990 1329 1046 vel

215 1094 298 1149 scapo
310 1075 414 1129 librae:
432 1084 464 1128 ut
480 1075 515 1128 de
529 1075 600 1130 libra
615 1077 728 1130 caelesti
744 1076 875 1138 Manilius
893 1077 1007 1152 12609:
1105 1123 1106 1130 ,

311 1165 363 1224 ,Er
376 1164 439 1235 juga
452 1161 598 1220 Chelarum
614 1165 708 1220 medio
723 1163 867 1221 volitantia
884 1163 985 1220 caelo.»
1005 1167 1136 1222 Wsuns
1146 1185 1171 1222 n.
1184 1219 1193 1228 ,,

284 1274 303 1306 a
325 1255 455 1332 cardine,
480 1251 551 1306 Cod.
575 1253 644 1308 Bob.
666 1275 682 1308 a
702 1274 745 1327 pr.
767 1273 821 1318 m.‚
840 1253 892 1326 sed
909 1263 1000 1308 atert.
1011 1260 1063 1320 ,in
1079 1251 1206 1313 sardinea
1224 1255 1327 1319 male,

212 1341 360 1393 nonenim
384 1345 415 1394 in
437 1344 549 1396 'cardine
573 1348 660 1398 centri
680 1341 821 1402 intervalla
840 1351 984 1408 notamus,
1010 1343 1063 1396 sed
1082 1365 1101 1397 a
1125 1345 1256 1407 cardbte,
1274 1343 1327 1398 vel

181 1492 187 1503 Ι
213 1427 289 1503 quod
301 1427 472 1484 tolerabilius
487 1439 530 1483 est
553 1440 581 1484 et
596 1431 669 1485 Edd.
693 1449 766 1486 omn.
786 1427 916 1484 exhibent
933 1451 949 1484 e
963 1434 1096 1493 cardine,
1116 1431 1187 1484 Cod.
1215 1433 1323 1504 Regin.

212 1515 311 1570 habet:
330 1520 459 1581 cardine,
477 1517 581 1594 absque
596 1521 810 1596 praepositione.
859 1559 867 1588 ·.
1012 1511 1014 1516 ’
1244 1585 1247 1592 ,

226 1639 228 1644 ,
283 1607 361 1660 Vers.
383 1615 442 1671 145.
462 1606 622 1671 discesserit,
637 1605 708 1662 cod.
723 1606 791 1660 Bob.
809 1605 934 1677 Conject.
949 1606 1085 1662 Wernsd.
1104 1615 1144 1650 -’
1159 1608 1321 1682 descerpse-

105 1731 108 1738 «
214 1699 266 1774 rit,
279 1694 332 1748 Ed.
351 1695 463 1748 Hotom.
481 1727 517 1740 -
535 1697 723 1768 discerpserit,
740 1695 812 1748 Edd.
830 1692 870 1766 pl.

281 1773 674 1856 Discerpseritineommodum
688 1781 861 1839 verbumhoc
875 1797 958 1836 seusu
972 1789 1001 1834 et
1015 1779 1088 1836 loto.
1107 1782 1223 1835 Rectius
1230 1781 1317 1855 paul-

210 1869 238 1924 lo
251 1871 441 1924 Hotomauuus
455 1871 630 1943 descerpserit
645 1873 743 1937 edidit,
753 1863 993 1946 'quemadmodum
1008 1887 1100 1942 supra,
1116 1887 1187 1925 vers.
1202 1877 1247 1935 34.
1265 1873 1317 1924 de-

211 1965 339 2030 cerpseris
354 1959 524 2013 dictumest.
543 1961 670 2014 Fortasse
684 1961 775 2032 aptius
790 1961 836 2023 sit,
855 1961 880 2013 si
894 1958 1014 2012 scribas:
1032 1971 1166 2032 quantum
1182 1961 1314 2012 discesse-

210 2051 247 2100 rit
261 2050 353 2100 illinc.-
373 2049 419 2100 cui
442 2055 470 2101 e't
488 2050 621 2103 convenit·
634 2047 712 2121 qnod
725 2049 865 2120 sequitur,
883 2049 971 2102 distet.
1000 2046 1079 2101 Idem
1100 2045 1248 2103 ridebatur
1274 2045 1313 2100 cl.

212 2133 340 2205 Klttgclio
358 2136 527 2190 warren.

135 2253 139 2264 =
223 2283 227 2289 ,
281 2223 366 2280 Vers-
381 2229 441 2288 144.
460 2235 600 2298 quotque,
614 2222 687 2278 Edd.
705 2221 745 2296 pl.
764 2213 804 2266 -·-'
818 2225 946 2298 quodque
954 2264 966 2288 ,
984 2221 1193 2294 codtsnegiu.
1206 2221 1276 2277 But.
1296 2243 1314 2275 a

210 2330 252 2382 pr.
267 2329 303 2362 m.
318 2309 369 2364 sed
386 2329 418 2363 ex
441 2312 550 2367 emend.
567 2332 622 2366 sec.
639 2321 743 2385 recept.
758 2311 831 2365 Edd.
848 2313 947 2366 Venet.
961 2312 1040 2384 Lips.

281 2400 377 2462 distet,
394 2399 464 2452 eod.
480 2401 549 2456 Bub.
567 2401 640 2454 Edd.
655 2400 694 2475 pl.
713 2431 750 2444 -
767 2402 868 2463 distat,
884 2400 957 2453 Edd.
970 2400 1049 2472 Lips.

270 2487 462 2562 filum,Edd.
480 2508 551 2544 omn.
570 2489 691 2564 -filo,
714 2488 784 2544 Cod.
808 2487 877 2542 Bob.
900 2508 915 2541 a
941 2508 983 2560 pr.
1008 2486 1122 2542 mvsed
1145 2504 1178 2540 ex
1204 2485 1314 2540 emend.

169 2641 173 2650 Ι
211 2584 273 2630 tert.
292 2585 394 2648 recept.
1232 2645 1235 2654 ,

281 2663 359 2715 Vers.
381 2667 439 2728 145.
458 2670 661 2738 cognoscimus,
674 2663 744 2719 cod.
762 2663 831 2718 liob.
849 2694 893 2724 -,
904 2667 1094 2736 cognovimus,
1107 2661 1181 2716 Edd.

280 2751 359 2806 Vers.
379 2755 439 2817 146.
457 2755 572 2816 libram,
588 2751 659 2806 Cod.
669 2751 737 2806 Bob.
746 2751 819 2806 Edd.
828 2749 1060 2823 pl.-libru,Ed.
1070 2750 1219 2823 Lips.ann.
1232 2756 1311 2809 1515.

281 2839 360 2894 Vere.
380 2849 440 2916 147.
458 2843 586 2916 Denique
597 2843 762 2900 libra....‚.
780 2859 881 2912 supera
895 2859 980 2912 quum
993 2845 1126 2914 mergitur
1140 2841 1235 2904 undu,
1254 2839 1306 2892 Ed.

212 2929 288 3000 Lips.
305 2929 377 3000 (auu.
395 2931 484 3004 1494.)
502 2930 671 2986 Waauso.

239 3069 244 3082 ,
281 3017 320 3072 Hi
336 3034 432 3070 versus
449 3022 602 3093 156-147
612 3017 808 3084 ,obscuritate
824 3015 959 3071 laborem.
978 3015 1084 3072 Sensus
1101 3024 1192 3070 autem
1207 3016 1309 3086 1141]-

212 3105 369 3159 drcstaticis
385 3103 466 3160 facile
483 3105 643 3160 declaratur.
661 3108 772 3171 Aurum,
789 3113 821 3158 ut
836 3103 953 3179 quodvis
968 3123 1069 3178 corpus
1086 3103 1217 3168 solidum,
1226 3123 1308 3176 aquae

211 3195 364 3247 immissum
379 3193 511 3265 ponderis
527 3193 737 3258 diminutionem
746 3195 865 3266 patitur,
884 3195 948 3268 quia
964 3192 998 3246 ab
1015 3211 1084 3268 aqua
1096 3189 1235 3246 ambiente
1250 3210 1309 3245 snr-

212 3302 272 3336 sum
285 3285 374 3354 agitnr
393 3281 487 3335 eadem
503 3285 549 3346 si,
568 3301 622 3357 qua
633 3301 722 3336 massa
736 3299 839 3355 aquea,
857 3281 936 3352 cnjus
960 3280 1053 3336 locum
1070 3299 1165 3334 aurum
1182 3287 1307 3352 occupat.

212 3369 296 3422 Libra
312 3373 370 3424 auri
381 3372 445 3443 puri
461 3373 505 3444 (12
520 3372 672 3444 unciarum)
689 3369 740 3427 sub
756 3388 824 3443 aqua
841 3370 943 3422 amittit
958 3369 1069 3443 pondus
1089 3377 1107 3432 4
1124 3367 1253 3422 Dracbm.
1273 3375 1309 3442 2}

213 3457 313 3531 Scripl.
342 3468 370 3512 et
392 3458 463 3513 libra
484 3459 589 3530 argenti
611 3460 675 3530 puri
692 3456 804 3531 pondus
822 3461 840 3516 8
864 3456 991 3512 Drachm.
1008 3474 1024 3515 2
1040 3455 1142 3530 Scripl.
1158 3457 1306 3528 Argentum

212 3565 326 3618 nempe,
345 3547 421 3620 qnod
435 3547 522 3619 majus
533 3548 653 3620 spatium
668 3543 776 3618 explet,
793 3563 873 3619 quam
893 3545 968 3600 idem
983 3543 1095 3618 pondus
1114 3545 1190 3610 auri,
1206 3545 1305 3616 majore

213 3639 239 3687 vi
255 3634 387 3709 sublaqna
402 3653 510 3688 sursum
521 3637 663 3708 premitur.
681 3633 808 3690 Pondere
823 3635 959 3708 utrimque
974 3634 1072 3686 amissa
1082 3633 1214 3687 differunt
1228 3633 1305 3690 3Dr.

213 3731 248 3795 23
272 3723 331 3776 Scr.
358 3721 518 3776 Secundum
540 3733 679 3778 auctorem
701 3731 826 3775 nostrum
849 3722 980 3776 differunt
994 3729 1102 3776 tantum
1115 3728 1133 3778 3
1146 3719 1305 3782 Β11ο1111111,

214 3811 290 3884 qnod
312 3809 393 3864 facile
420 3811 629 3866 condonabitur.
657 3810 760 3865 Eadem
782 3811 936 3865 differentia
951 3809 1101 3864 intercedit
1120 3811 1195 3863 inter
1208 3808 1305 3862 libram

214 3901 272 3952 auri
287 3901 440 3972 mergenti,
459 3914 544 3974 quum
557 3921 626 3976 aqua
639 3908 806 3971 merguntur.
826 3898 1036 3973 suspendantur
1052 3917 1066 3951 a
1079 3895 1200 3951 brachiis
1216 3895 1305 3950 bilan-

215 3989 281 4052 ciis,
299 3988 343 4044 vel
359 4009 373 4042 a
388 3986 508 4044 brachiis
522 3997 638 4044 staterae
652 3987 794 4055 romanae,
812 3989 842 4044 in
857 3987 963 4062 aequali
977 3986 1011 4042 ab
1028 4005 1076 4042 axe
1090 3983 1133 4040 vel
1154 3993 1249 4040 centro
1263 3985 1304 4038 di·
