2908 4814
716 216 765 282 72

650 309 832 324 uun—nu*

192 382 325 455 coracio)
342 381 396 456 τὴν
418 379 534 454 βίβλον
552 382 785 461 προσήνεγκεν.»
812 371 987 442 ..Dorotheus
1007 379 1154 434 monachus
1166 381 1305 434 Alexan-

191 477 323 541 «drinus,
341 478 454 551 scripsit
476 476 577 548 grande
599 475 726 532 volumen
743 498 794 550 pro
817 478 924 550 synodo
947 477 1182 542 chalcedonensi,
1213 477 1308 551 quod

191 565 287 626 ,dedit
301 565 415 638 Magnae
428 566 519 618 fratris
539 567 675 620 Anastasii
698 585 833 640 sponsae,
851 565 1036 632 orthodoxae,
1054 569 1115 638 ipsa
1133 585 1196 621 vero
1215 567 1306 618 Ana-

191 655 291 712 «stasio
305 651 409 708 librum
423 655 631 727 praesentavit.»
651 655 750 709 Fateor
772 665 863 709 tamen
880 656 977 727 Cangii
990 653 1074 708 famil
1093 655 1203 725 Byzant.
1228 672 1305 726 pag.

187 755 222 806 85
239 750 410 822 ingeniosam
428 751 632 822 conjecturam,
649 748 676 802 h.
692 748 711 806 l.
728 773 780 826 pro
808 752 863 825 «τῇ
889 749 988 828 νύμφῃ
1014 745 1216 806 ’Avaor'aoiov
1245 746 1305 803 ἐπ’

111 847 114 855 '
193 847 337 930 «ἀδελφῷ
347 867 376 923 ,a
401 852 547 924 legendum
563 873 637 908 assez
660 853 829 934 «τῇνύμφῃ
846 852 1070 932 Σεκουνὸὶὶνου,
1087 851 1307 908 ’Λνοστασὶου

191 951 405 1032 «αὐταόέλφῃ»
429 957 468 1010 ita
490 965 522 1009 nt
537 955 571 1009 de
586 957 700 1029 Magna,
720 959 873 1014 Secundini
889 976 989 1021 uxore,
1007 957 1144 1009 Anastasii
1161 972 1303 1026 germana

188 1067 277 1102 sermo
290 1051 345 1114 sit,
364 1050 477 1122 Hypatii
500 1062 590 1105 autem
611 1057 704 1108 uxoris
724 1074 828 1112 nomeu
847 1057 1049 1126 incompertum
1070 1059 1199 1114 manent,
1216 1047 1300 1102 mihi

189 1134 268 1189 valde
283 1136 456 1208 probabilem
468 1140 565 1195 videri.
1254 1199 1267 1208 ..

259 1223 345 1280 Filios
358 1225 455 1282 hahuit
472 1230 607 1302 Hypatius
621 1228 694 1284 Flav.
712 1227 833 1283 Probum
850 1239 877 1282 et
889 1227 962 1282 Flav.
980 1228 1151 1300 Pompejmn.

260 1311 368 1367 Flavius
391 1317 538 1392 Pompeius
561 1319 666 1373 Consul
690 1339 705 1370 a
727 1317 790 1371 Chr.
806 1323 866 1375 501.
885 1320 988 1371 Avieno
1014 1316 1134 1388 collega,
1147 1319 1303 1386 ¹Procopio

188 1401 221 1464 de
236 1401 305 1454 hello
316 1423 386 1475 pers.
400 1407 474 1462 Lihr.
494 1410 519 1462 I.
541 1430 602 1481 cap.
622 1420 664 1472 24.
681 1410 846 1463 Marcellino
864 1409 963 1460 Comiti
977 1427 1043 1478 pag.
1063 1409 1107 1464 65.
1136 1405 1297 1475 Anonymo

189 1488 303 1552 Valesih
314 1511 380 1566 pag·
398 1498 459 1570 489.
479 1498 641 1570 Theophani
653 1517 718 1570 pag.
739 1499 789 1552 135
805 1510 830 1549 et
846 1496 969 1560 Chronie.
984 1495 1129 1562 alexandr.
1138 1514 1204 1564 pag.
1225 1495 1296 1564 784.

188 1579 324 1632 Anastasii
342 1582 514 1654 imperatoris
537 1603 639 1657 nepos,
659 1594 686 1636 et
699 1587 832 1656 Procopio
854 1583 964 1638 Caesar.
985 1585 1018 1635 de
1033 1585 1103 1636 bello
1118 1581 1193 1654 goth.
1210 1583 1295 1632 Libr.

186 1664 242 1717 ΙΙΙ.
258 1688 317 1738 cap.
332 1677 377 1726 31.
390 1692 455 1745 pag·
473 1678 534 1746 537.
553 1673 666 1745 Hypatii
683 1669 755 1724 filius
772 1671 881 1724 dicitur.
900 1670 973 1724 Male
990 1669 1148 1744 aliquandiu
1162 1667 1196 1720 ab
1212 1669 1293 1720 Ana-

186 1756 271 1808 stasio
292 1759 456 1830 imperatore
472 1759 598 1826 habitus,
618 1761 694 1834 quod
707 1760 814 1832 synodo
835 1757 1054 1813 Chalcedonensi
1072 1756 1230 1810 adhaereret
1245 1765 1295 1808 te-

187 1843 276 1897 stibus
295 1849 461 1919 Theophane
472 1870 540 1922 pag·
559 1853 609 1906 155
626 1864 652 1902 et
668 1852 756 1902 Paulo
772 1852 898 1902 Diacono
916 1854 944 1901 in
958 1849 1110 1902 Muratorii
1123 1851 1214 1915 script.
1233 1866 1291 1898 rer.

186 1936 269 1986 italic.
288 1949 350 1988 tom.
369 1937 392 1988 1.
409 1958 474 2011 pag.
493 1957 552 1994 101.
570 1939 603 1990 ln
617 1937 754 1991 seditione
768 1956 838 1990 anuo
857 1933 921 1989 Chr.
936 1943 987 2000 542
1006 1935 1135 1988 adversus
1149 1935 1290 1987 Justinia-

181 2041 252 2074 num
266 2025 459 2095 imperatorem
476 2027 608 2098 excitata,
627 2025 780 2079 trucidatus
801 2033 850 2078 est.
869 2027 1019 2097 Procopius
1037 2026 1146 2078 Caesar.
1165 2024 1290 2076 debello

186 2131 256 2182 pers.
272 2113 345 2164 Lihr.
364 2113 388 2164 Ι.
406 2133 467 2183 cap.
484 2122 526 2177 24.
541 2135 606 2186 pag.
626 2123 668 2188 74.
693 2111 850 2166 AClaudio
865 2112 992 2166 Maltreta
1014 2113 1137 2176 Jesuita,
1156 2110 1291 2182 Procopii

186 2200 354 2271 interprete,
372 2199 442 2252 male
456 2199 559 2275 ubique
576 2202 689 2274 Hypatii
705 2202 787 2253 frater
806 2210 834 2253 et
848 2201 984 2253 Anastasii
1000 2220 1014 2252 e
1030 2218 1122 2252 sorore
1138 2216 1226 2270 nepos
1244 2197 1291 2250 di-

187 2289 267 2339 citur.
287 2285 408 2340 Uxorem
422 2285 518 2342 hahuit
528 2291 714 2353 Anastasiam,
734 2308 802 2362 quae
817 2287 1012 2340 Macedonium
1025 2285 1205 2360 patriarcham
1222 2304 1289 2337 exu-

187 2373 241 2427 lem
256 2375 341 2440 fovit,
362 2384 468 2448 etpost
482 2379 573 2431 mariti
595 2376 702 2431 obitum
724 2378 754 2430 in
771 2377 878 2447 Syriam
902 2369 1056 2439 corieessit,
1075 2374 1125 2427 uhi
1142 2377 1172 2427 iu
1192 2391 1288 2427 mona-

186 2464 271 2515 sterio
285 2465 386 2516 montis
404 2464 508 2519 oliveti
522 2467 694 2519 sanctissime
708 2467 784 2519 vixit.
803 2461 876 2520 Vide
900 2466 1032 2537 Cyriilum
1048 2469 1076 2515 in
1099 2468 1154 2517 vita
1175 2463 1217 2515 St.
1229 2461 1284 2514 Sa-

187 2552 238 2602 bae
253 2553 451 2621 apudSnrium
472 2561 498 2612 5.
514 2556 653 2607 Decembr.
671 2585 708 2598 -
725 2553 849 2605 Eandem
869 2561 949 2623 putat
969 2551 1104 2621 Congius,
1125 2549 1203 2620 cujus
1225 2568 1283 2600 ma-

186 2640 300 2693 moriam
316 2641 483 2695 Graecorum
497 2643 610 2695 Menaea
629 2662 670 2698 u.
688 2641 782 2694 Martii
797 2638 939 2706 recoluut;
959 2649 1001 2692 ast
1016 2638 1082 2691 haec
1096 2657 1111 2691 a
1126 2638 1282 2691 Justiniano

186 2729 309 2799 Augusto
325 2728 360 2781 ad
372 2731 509 2783 nefastum
524 2731 701 2784 concubitum
717 2727 864 2782 sollicitata
877 2729 907 2781 iu
919 2731 1073 2799 Aegyptum
1081 2725 1223 2789 secedens,
1240 2744 1283 2777 se-

188 2816 245 2869 rius
260 2818 360 2870 vixisse
375 2817 494 2872 videtur.

205 2928 208 2934 ·
259 2903 299 2957 Fl.
318 2906 465 2977 Pompeius
484 2925 516 2958 ea
531 2905 676 2957 Anastasia
697 2907 822 2977 suscepit
840 2902 927 2958 lilios:
946 2901 1019 2956 Flnv.
1036 2901 1170 2956 Joannem
1196 2909 1224 2954 et
1241 2899 1282 2953 Fl.

189 2992 369 3046 Anastasium.
435 3031 438 3040 ,

259 3080 299 3134 Fi.
315 3082 450 3145 Joaunes,
468 3078 509 3132 Fl.
524 3079 649 3151 Pompeii
663 3078 756 3144 filins,
774 3080 888 3152 Hypatii
902 3087 1006 3152 nepos,
1024 3077 1181 3149 Proiectae,
1199 3080 1282 3132 Areo·

188 3167 270 3222 hindi
285 3169 400 3234 viduae,
417 3169 567 3222 Justiniani
591 3169 764 3239 imperatoris
788 3165 966 3238 evigilantia
983 3185 1075 3220 sorore
1092 3167 1185 3240 neptis
1201 3167 1281 3219 mari·

188 3264 247 3320 tus,
261 3265 331 3312 teste
345 3259 478 3329 Procopio
497 3259 607 3311 Caesar.
623 3259 656 3310 de
672 3259 741 3310 hello
755 3257 831 3330 goth.
847 3258 920 3309 Libr.
935 3258 990 3309 III.
1003 3275 1063 3326 cap.
1079 3261 1123 3311 δι.
1139 3276 1204 3329 pag.
1217 3259 1278 3326 557.

188 3343 255 3414 Ejus
274 3344 441 3419 epitaphium
458 3347 572 3399 Juliano
590 3345 728 3417 Aegrptio
754 3359 867 3400 auctore
878 3346 953 3416 apud
969 3345 1133 3398 Brunekiam
1152 3343 1280 3397 Analeet.

190 3455 281 3507 graec.
301 3449 363 3488 tom.
381 3437 420 3488 11.
437 3453 502 3507 pag.
517 3441 569 3508 509
587 3442 689 3486 exstat:

290 3587 440 3646 «literaria
454 3586 607 3663 Ἰωάννης.
624 3586 752 3660 θνητὸς,
767 3581 850 3666 λέγε.
869 3583 1003 3663 γαμβρὸν
1022 3579 1163 3658 ἀνάσσης.

291 3687 427 3760 «Θνητὸο
443 3685 534 3764 ὅμων.
552 3693 655 3772 paveris
675 3685 766 3745 ἄνθος
781 3685 992 3746 'Araoraoiou

292 3825 304 3852 a
312 3789 431 3865 θνητοῦ
445 3787 602 3867 κᾴκεῖνον.
618 3791 689 3867 βίον
703 3785 830 3849 iotanae.
849 3791 908 3846 oria
923 3783 969 3846 ἔτι
984 3792 1075 3845 τοῦτο

292 3894 428 3970 ..erardo
446 3888 529 3973 ἔφης.
544 3892 649 3970 ἀρεταὶ
668 3889 840 3968 npeiooost'r
858 3889 915 3952 tior
934 3892 1039 3966 μόρου.
