2908 4814
736 307 802 376 116

318 468 405 528 «Hinc
424 467 541 539 Tarpeia
558 465 633 519 Deae
651 466 757 520 sontem
773 461 888 521 libavit:
909 461 997 518 atilli

358 554 497 628 «Urgebat
514 553 636 608 medinm
653 551 748 606 fictilis
766 571 835 606 urna
853 561 944 626 caput.

220 661 378 734 Antiquitas
401 659 541 714 Aedilium
561 677 661 712 munus
681 659 768 712 tuisse
788 657 913 723 videtur,
937 654 1082 730 amphoras
1107 665 1135 710 et
1157 654 1267 709 modios
1289 657 1323 709 ad

220 767 373 801 mensuram
390 748 561 822 Capitolinae
578 747 745 811 examinare,
760 748 786 800 si
803 764 874 819 opus
896 755 978 800 esset.
1003 745 1077 798 Hinc
1093 747 1242 799 aedilitium
1262 764 1320 797 ιιιο-

160 860 162 871 =
220 837 325 888 diuma
343 837 472 892 Varrone
489 831 564 907 apud
578 832 702 889 Nouium
727 835 869 908 (pags71
892 849 954 891 voc.
975 838 1136 897 eonvenite,
1151 836 1264 886 similem
1280 853 1320 884 er-

219 927 281 990 re,)
299 921 356 975 diei
372 923 506 986 arbitror,
524 919 771 994 utGapitolinnm,
796 922 845 996 qui
861 921 899 974 sit
919 938 1022 994 aequus
1039 929 1068 974 et
1083 919 1239 991 legitimus:
1257 937 1319 972 nam

218 1009 379 1063 Aediles‘ale
393 1011 530 1062 mensuris
546 1009 769 1081 cognoscebant,
788 1019 817 1063 et
831 1011 888 1082 ipsi
902 1027 1003 1084 aequas
1015 1010 1158 1082 justasque
1174 1005 1320 1071 habebant,

219 1097 254 1151 ud
270 1115 336 1172 quas
349 1099 489 1169 exigerent
502 1095 587 1162 alias,
606 1097 767 1169 frangebant
782 1099 901 1172 iniquas.
919 1101 1046 1161 Persian,
1059 1100 1120 1151 Sat.
1135 1098 1169 1159 1,
1183 1103 1253 1155 150:

320 1185 404 1246 «Sese
422 1183 542 1258 aliquem
560 1183 693 1250 eredens,
711 1183 781 1239 Italo
801 1185 878 1259 quod
895 1183 999 1240 bonore
1017 1187 1134 1259 supinus

321 1273 461 1344 ,Fregerit
479 1271 602 1326 heminas
620 1275 697 1328 Arcti
713 1261 814 1328 iaedilis
832 1275 967 1359 iniquas)³

216 1343 453 1442 humectabat.
472 1379 516 1443 X,
534 1399 599 1437 101:

318 1459 371 1527 “El
390 1464 425 1518 de
443 1485 570 1520 mensura
586 1467 630 1537 jus
649 1465 760 1532 dicere,
778 1485 840 1522 vasa
858 1467 963 1520 minora

317 1555 466 1626 «Frangere
483 1570 624 1628 pannosus
642 1555 735 1608 vacuis
754 1551 852 1608 aedilis
871 1553 1014 1609 Ulubris.»

217 1661 326 1715 Seriore
350 1679 416 1715 aevo
442 1659 553 1733 imperii
577 1659 711 1724 Romani,
727 1679 811 1734 quum
825 1659 952 1732 pondera
970 1668 999 1712 et
1020 1676 1165 1713 mensurae
1189 1659 1317 1733 publicae

215 1747 399 1821 persingulas
414 1749 537 1803 civitates
557 1757 650 1801 essent
666 1747 846 1814 distributae,
863 1768 915 1822 par
930 1765 1030 1801 munus
1055 1766 1218 1802 eoncessum
1232 1750 1316 1802 fuisse

216 1835 324 1890 videtur
333 1835 535 1891 Defensoribus
549 1837 697 1889 civitatum.
718 1837 800 1890 Certe
815 1835 876 1908 lege
893 1833 982 1910 aliqua
996 1835 1114 1890 Honorii
1129 1844 1158 1890 et
1166 1835 1317 1891 Theodosii

217 1925 296 1996 (quae
316 1932 358 1976 est
371 1931 397 1980 3.
413 1925 456 1976 tit.
472 1921 506 1975 de
525 1941 608 1994 super
623 1932 707 1976 exact.
724 1922 787 1976 libr.
804 1923 854 1976 xl.
873 1923 944 1980 cod.
963 1922 1114 1998 Theodos.)
1129 1923 1197 1978 haec
1212 1926 1315 1978 Defen-

216 2010 326 2064 soribus
345 2030 409 2063 cura
428 2020 455 2063 ct
472 2009 584 2063 solertia
606 2019 700 2064 contra
723 2020 898 2083 susceptores
916 2013 1098 2077 tributorum,
1118 2013 1166 2086 qui
1183 2011 1316 2084 subjectis

214 2097 364 2170 majoribus
381 2099 518 2150 mensuris
534 2107 562 2150 et
574 2097 746 2170 ponderibus
767 2083 944 2171 possessores
971 2100 1070 2154 damno
1087 2100 1257 2166 adiecerint,
1275 2102 1317 2154 iu-

166 2204 170 2214 ·
213 2186 338 2256 jungitur
354 2193 386 2238 ut
403 2184 589 2257 deprehensos
607 2204 669 2238 cum
681 2185 787 2240 iudicio
802 2187 907 2242 fraudis
925 2189 1085 2242 commissae
1102 2187 1138 2242 ad
1152 2188 1261 2260 judices
1278 2189 1319 2242 di·

216 2275 312 2344 rigant,
330 2273 483 2336 Arist-ides,
500 2281 532 2327 ut
548 2274 688 2329 adnotavit
705 2275 885 2328 Carantonus
901 2278 919 2329 ἱ.
930 2298 951 2330 c.
969 2277 999 2329 in
1016 2278 1098 2330 tertio
1117 2295 1275 2330 sermonum
1289 2296 1317 2349 p.

214 2364 268 2418 316
285 2349 347 2414 Vol.
367 2381 391 2417 ι.
407 2361 472 2415 edit.
491 2359 572 2416 Jebb'.
590 2363 758 2415 mentionem
774 2364 841 2421 facit
857 2369 1000 2417 mensurae
1025 2365 1097 2429 vini,
1116 2361 1195 2434 cujus
1218 2381 1317 2418 nomeu

215 2453 306 2532 sintve
317 2453 477 2534 βασιλική.
500 2459 624 2532 Namque
637 2467 741 2524 narrat,
761 2477 844 2532 quum
856 2467 972 2533 propter
987 2458 1173 2515 valetudinem
1190 2457 1239 2512 diu
1255 2461 1316 2515 vino

217 2551 414 2617 abstinuisset,
429 2556 564 2608 monitum
580 2575 595 2606 a
607 2555 669 2609 Deo
683 2573 733 2609 suo
752 2573 812 2608 essa
820 2593 829 2620 ,
842 2563 874 2608 nt
888 2551 1024 2608 heminam
1045 2557 1146 2627 regiam
1160 2555 1219 2610 sive
1232 2555 1317 2630 impe·

219 2649 345 2702 ratoriam
358 2648 420 2704 ,vini
435 2647 553 2703 biberet.
572 2649 646 2704 Haec
662 2648 771 2704 hemina
788 2651 938 2727 βασιλικὴ
959 2650 1123 2704 casaubono
1143 2648 1256 2706 videtur
1277 2669 1317 2704 es-

217 2763 247 2797 se
265 2742 437 2817 Capitolina,
456 2746 514 2822 sire¹
531 2744 642 2800 urbana.
658 2746 711 2799 Cui
725 2748 877 2798 sententiae
891 2745 1025 2803 hactenus
1041 2746 1198 2811 adsentior,
1215 2753 1247 2798 nt
1263 2747 1317 2798 exi-

217 2839 340 2902 stimem,
357 2840 526 2914 βασιλινιὴν
547 2839 581 2893 ab
606 2839 723 2896 Aristidi
744 2859 899 2914 mensuram
919 2839 975 2893 dici
993 2833 1151 2914 publicem,
1165 2842 1316 2914 Imperato-

215 2953 277 2986 rum
290 2934 367 2986 Rom.
383 2937 545 2988 auctoritate
562 2938 591 3006 in
606 2938 757 3008 provinciis
774 2937 969 3002 constitutam,
987 2937 1023 2991 ad
1033 2935 1205 3011 'tributorum
1215 2947 1315 3010 etpen·

215 3023 324 3075 sionem
336 3019 509 3093 publicarum
524 3023 639 3078 modum
656 3024 849 3094 deliniendum.
870 3014 948 3098 Quae
961 3027 1021 3100 ipsa
1033 3034 1124 3079 tamen
1140 3045 1174 3078 an
1191 3045 1256 3106 cum
1271 3043 1314 3077 ur-

214 3109 325 3162 hanuet
339 3108 498 3182 Capitolina
516 3114 690 3178 convenerit,
703 3132 783 3178 *nunc
797 3113 925 3186 equidem
945 3123 1050 3168 certum
1064 3133 1120 3169 non
1142 3112 1240 3168 haheo.
1259 3113 1314 3168 Sed

214 3198 329 3270 majores
344 3197 561 3272 provincialibus
579 3200 696 3254 urbanas
714 3210 742 3255 et
759 3201 869 3255 Italicas
885 3220 1026 3256 mensures
1041 3203 1148 3267 videri,
1166 3218 1249 3276 supra
1262 3202 1315 3273 jam

214 3289 380 3342 monuimus.
399 3287 478 3351 Etsi,
497 3306 550 3360 quo
574 3296 698 3361 tempore
719 3291 820 3343 Romae
840 3283 950 3344 institui
966 3299 994 3345 et
1010 3292 1111 3345 servari
1127 3301 1312 3346 mensurarum

193 3420 196 3427 .
215 3384 243 3428 et
256 3374 410 3448 ponderum
426 3395 536 3430 normae
554 3376 584 3428 in
602 3377 741 3452 §lapitolio
760 3373 919 3451 coeperint,
937 3379 1074 3431 incertum
1090 3365 1146 3446 est,
1170 3377 1202 3432 id
1221 3388 1310 3432 tamen

214 3461 336 3517 dubitari
347 3467 452 3537 nequit,
467 3463 525 3536 jam,
536 3450 656 3538 antiquis
670 3462 838 3538 reipublicae
848 3463 1029 3539 ¹temporibus
1044 3484 1185 3520 mensuras
1202 3474 1230 3519 et
1243 3483 1311 3538 pou-

214 3551 278 3604 dera
293 3551 442 3623 legitimam
460 3552 648 3606 definitionem
664 3562 692 3605 et
706 3553 847 3626 publicam
872 3553 992 3626 regulam
1015 3551 1153 3608 hahuisse.
1172 3553 1209 3608 Et
1232 3573 1312 3628 quum

213 3643 380 3704 Suetonius,
399 3661 458 3713 cap.
479 3646 505 3700 8.
523 3650 664 3706 memoret,
683 3642 882 3714 Vespasianum
896 3659 991 3713 magna
1006 3640 1141 3696 industria
1158 3645 1310 3697 restitutio-

211 3747 275 3780 uem
292 3725 425 3800 Capitolii
450 3723 609 3800 conflagrati
630 3731 786 3800 aggressum
810 3749 888 3796 esse,
912 3740 993 3803 atque
1017 3732 1152 3803 imprimis
1175 3749 1310 3784 aerearum

212 3814 365 3869 tabularum
380 3817 431 3871 tria
447 3815 541 3881 millia,
558 3819 770 3871 instrumentum
779 3821 889 3892 imperii
904 3816 1118 3890 pulcherrimum
1132 3837 1164 3872 ac
1177 3822 1308 3875 vetustis·

213 3905 312 3978 simum
320 3921 331 3968 ,¹
347 3902 517 3958 restituenda
531 3909 705 3977 suscepisse,
719 3923 784 3959 sane
798 3905 932 3960 credibile
947 3916 1006 3970 est,
1025 3907 1055 3958 in
1071 3906 1153 3961 rebus
1174 3905 1305 3980 Capitolii

213 4011 227 4045 a
245 3991 413 4064 Vespasiano
433 3993 585 4059 restitutis,
598 3995 684 4052 fuisse
702 3996 783 4048 etiam
805 3994 930 4068 publicas
949 4013 1135 4050 mensurarum
1154 4003 1182 4048 et
1200 3996 1308 4067 ponde·
