2950 4810
666 299 813 370 Ν

113 437 180 515 Ait
201 457 290 514 locus
305 457 335 510 in
351 473 405 528 quo
421 455 573 508 accuratius
590 452 656 512 haec
673 455 814 510 tractanda
829 466 906 512 erant
922 461 951 512 in
970 459 1023 514 line
1037 461 1102 517 libri
1119 467 1236 521 excidis-

116 571 156 604 se
175 548 309 602 videtur.
331 546 390 614 Csr.
415 545 561 596 Cellarium
580 545 618 596 ad
637 545 663 596 Ῑι.
687 547 705 596 l.
732 545 813 598 Certe
835 545 926 601 Leone
945 546 1062 604 Thracio
1086 555 1235 626 imperante

114 641 166 711 (Ρ,
193 635 267 690 Chr,
284 631 448 704 457-475)
465 630 567 682 Pisidia
585 630 735 702 sejunctam
756 631 789 684 ab
814 634 917 688 Isauria
936 627 1105 708 provinciam
1131 645 1235 696 consti-

115 729 207 792 tuit,
234 726 258 776 si
275 720 386 794 quidem
399 722 428 772 in
444 717 540 772 codice
560 717 700 789 encyclico
717 719 893 791 epistolarum
912 743 963 795 pro
985 725 1145 783 defensione
1161 731 1234 784 Con·

115 816 194 870 cilii
217 808 468 871 Chalcedonensis,
487 805 539 858 alia
562 804 678 878 epistola
695 805 727 858 ab
747 809 886 880 episcopis
908 810 1027 864 Isauriae
1048 820 1140 885 (epist.
1160 837 1193 893 19
1208 823 1236 872 in

116 903 283 959 Harduini
300 900 424 951 Consiliis
441 911 504 950 tom.
519 897 559 948 11.
574 915 639 966 pag.
656 896 716 968 720)
732 895 784 948 alia
801 897 834 948 ab
853 899 991 970 episcopis
1005 901 1125 956 Pisidiae
1143 911 1236 976 (epist.
1308 934 1310 940 α

120 1011 163 1048 21
183 1010 239 1060 op.
256 992 298 1040 cit.
314 1000 375 1038 tom.
392 987 431 1038 II.
445 1005 513 1058 pag.
529 983 591 1055 724)
613 983 648 1035 ad
662 984 854 1054 imperatorem
876 995 993 1050 exarata,
1014 986 1123 1060 legitur.
1148 992 1237 1046 Priori

123 1075 277 1150 epistolae
301 1075 410 1126 nomina
432 1091 480 1124 sua
501 1069 739 1142 subscripserunt:
768 1071 899 1131 ,Basilius
923 1075 1070 1146 episcopus
1095 1076 1236 1132 Seleuciae

124 1163 319 1236 “metropolis
335 1162 454 1214 Isauriae
463 1173 487 1223 ‚o
507 1159 656 1232 Episcopi:
675 1158 858 1223 Celenderos‚
877 1160 969 1214 Latini
985 1172 1013 1215 et
1026 1162 1163 1228 Calendri,
1179 1167 1235 1220 Da-

121 1251 260 1313 lisandi,
280 1249 383 1312 Cestii,
404 1250 538 1318 Zotapac,
557 1245 745 1318 Hieropoleos‚
764 1246 898 1318 Libyadis
914 1245 968 1320 (vel
983 1253 1084 1304 rectius
1100 1252 1235 1328 Zibidae),

118 1337 318 1401 Antiochiae,
346 1336 502 1399 Sebastiac,
526 1336 680 1398 Anemorii,
699 1333 918 1406 philadelphiae,
936 1336 1150 1404 Diocaesareae‚
1169 1342 1242 1399 Hie..

119 1425 297 1498 ronopolis,
317 1423 486 1485 Selinuntis,
507 1421 572 1476 Olbi
594 1431 621 1474 et
645 1421 849 1494 Domitopolis,
867 1424 1017 1495 posteriori
1037 1446 1116 1482 vero:
1136 1430 1235 1500 Perga-

119 1518 208 1570 mius
231 1516 378 1586 episcopus
394 1507 553 1563 Antiochiae
571 1511 707 1573 Pisidiae,
727 1512 852 1582 episcopi
868 1520 1022 1582 praeterea·
1042 1512 1234 1568 Abadenorum

120 1604 280 1665 civitatis,
298 1605 467 1672 Apamenus,
486 1597 645 1664 Patalenus,
664 1597 814 1662 Seleuciae,
834 1599 982 1662 ilicitanus,
1000 1600 1163 1672 Neapoleos,
1180 1604 1235 1656 Ha·

124 1688 393 1761 drianopolitanus,
412 1685 702 1758 Metropolitanum,
722 1685 972 1760 Theodosiopolis,
990 1685 1143 1752 Philomeli,
1162 1690 1234 1760 Syn-

122 1773 529 1846 nadorum,·Sochclitanus‚
542 1773 744 1848 Malinopoleos
760 1785 787 1827 et
801 1774 1005 1846 Limnopolcos.
1024 1806 1060 1818 --
1079 1775 1134 1829 Csr.
1154 1779 1234 1830 etiam

130 1868 246 1936 Orphei
256 1857 509 1938 Argonautiocon.
519 1868 656 1936 749-751
675 1872 703 1928 et
719 1881 786 1935 quae
804 1862 839 1914 ad
850 1859 877 1914 h.
891 1860 909 1913 l.
925 1861 1051 1915 observat
1062 1866 1092 1917 C.
1101 1866 1234 1918 J.Scli0e·

125 1971 290 2008 nemannus
304 1957 332 2004 in
350 1953 582 2004 Commentaticne
594 1951 628 2002 de
638 1951 807 2022 geographia
816 1950 1054 2022 Argonautarum,
1071 1953 1232 2024 Gottingae,

128 2047 207 2116 1788
223 2062 287 2114 pag.
299 2047 331 2098 15
340 2043 425 2102 -ιθ,
435 2045 462 2089 et
468 2038 569 2091 Aradii
581 2039 742 2092 Scholastici
757 2043 925 2111 epigramma
940 2043 968 2091 in
974 2041 1227 2094 Bruncliicnclect.

124 2151 230 2204 graec.
246 2144 308 2182 tom.
324 2130 379 2181 ΙΙΙ.
393 2147 459 2198 pag.
477 2146 535 2200 109.

124 2253 129 2258 ·
204 2235 286 2289 Vers.
305 2235 434 2296 134-ss6.
453 2232 497 2283 De
514 2229 614 2283 Public
636 2229 753 2284 Servilio
774 2231 897 2284 Isaurico
923 2239 951 2284 et
974 2229 1008 2283 de
1025 2231 1127 2286 Isauris
1147 2231 1180 2285 ab
1200 2251 1232 2286 eo

127 2321 253 2376 domitis
270 2323 370 2373 Strabo
386 2322 461 2372 Libr.
475 2321 542 2372 XII.
558 2338 618 2390 cap
632 2321 739 2376 Sedit.
762 2321 880 2372 Gasaub.
897 2321 984 2372 Paris
1009 2323 1077 2376 1620
1092 2341 1157 2393 pag
1172 2325 1232 2395 569

128 2452 144 2480 a
149 2413 327 2488 'Icoepic
306 2412 476 2489 αώμαςδύο
487 2405 633 2484 iycvcu‘
617 2413 815 2506 cpcrviipcvs·
831 2443 873 2456 ·-
889 2411 1064 2488 ὑαήααοιὸ’
1079 2403 1234 2488 {carrad-

129 2539 227 2582 «ταις
244 2537 298 2573 aar
290 2513 519 2593 ἅλλαιαῶμαα
536 2514 662 2587 συχναί·
678 2520 803 2591 λῃστῶν
819 2511 864 2571 ‹9‘
851 2507 964 2572 αἀασαι
981 2516 1153 2572 rorcmiur
1140 2538 1233 2591 παρ·

129 2620 247 2695 «ἐσφον
267 2619 300 2676 δὲ
327 2621 381 2676 nai
397 2611 559 2694 Ῥωμαίοις
578 2613 805 2696 πράγματα,
784 2622 839 2676 nui
864 2623 910 2696 τῷ
935 2616 1099 2698 Ἰσαυριαῷ
1123 2635 1232 2693 προσα-

128 2719 334 2804 «γορευθὲατι
358 2718 507 2794 Ποαβλίῳ
529 2717 747 2794 Σερβιλίῳ,“
731 2741 765 2778 ον
779 2717 864 2796 ἡμεῖς
881 2717 1034 2819 ἴὸαμεν·
1017 2743 1050 2778 cs
1064 2717 1118 2778 rici
1137 2727 1232 2780 ταῦτα

128 2823 291 2887 «ὑπέταξε
307 2822 488 2910 ‘Prnpciois,
504 2824 558 2878 nai
577 2822 615 2878 τὰ
632 2824 737 2878 πολλὰ
746 2827 820 2924 ‘cbo
839 2828 992 2897 πειρατῶν
1008 2816 1140 2898 ἐρύματα
1155 2817 1231 2882 isn-

129 2933 214 2997 «λε,
231 2925 270 2983 τὰ
288 2923 339 2980 e’rti
355 2925 390 2998 τῇ
408 2928 555 3000 θαλάττῃ.
560 2938 574 2967 »
603 2925 720 2986 ,Isauria
737 2925 989 3001 duoshabetpagcs
1000 2947 1231 2999 cognomines-
1328 2979 1331 2986 ,

127 3018 190 3085 ,his
210 3019 343 3076 suberant
360 3021 441 3074 etiarn
454 3019 501 3073 alii
517 3020 670 3094 complures
686 3023 764 3093 pagi,
783 3022 951 3094 praedonum
967 3040 1060 3075 omnes
1083 3021 1228 3075 domicilia.
1270 3075 1279 3101 Ι

128 3109 345 3173 ,Exhibuerunt
357 3107 387 3161 hi
402 3109 529 3162 Romanis
545 3110 694 3180 negotium,
715 3118 742 3161 et
754 3107 853 3162 Publio
870 3109 995 3172 Servilio,
1016 3112 1063 3182 qui
1079 3129 1229 3178 cognomen

129 3197 273 3262 «Isaurici
285 3196 350 3250 inde
368 3194 475 3261 retulit,
494 3194 603 3248 anobis
620 3198 704 3250 visus.
722 3195 750 3248 Is
765 3205 793 3247 et
810 3196 919 3249 lsanros
930 3198 1058 3250 Romanis
1074 3198 1192 3269 subegit,
1203 3207 1230 3252 et

128 3288 297 3361 “plerasque
312 3287 461 3356 piratarum
477 3281 644 3336 munitiones
658 3282 769 3348 excidit,
779 3304 847 3357 quae
863 3283 898 3336 ad
907 3304 979 3338 mare
994 3295 1093 3338 erant»
1110 3317 1147 3326 -
1160 3289 1228 3340 Flo-

125 3398 175 3431 rus
197 3379 274 3430 Libr.
298 3375 498 3444 III.ccp.16:
528 3371 646 3432 «Cilices
671 3373 824 3426 invaserant
840 3374 923 3424 maria
930 3411 1002 3425 .....
1027 3376 1182 3448 missusque
1199 3377 1227 3427 in

127 3481 194 3525 «eos
208 3460 326 3516 Publius
342 3459 489 3525 Servilius,
509 3461 630 3532 quamvis
644 3459 718 3516 leves
741 3469 769 3512 et
785 3460 894 3531 fugaces
913 3475 1091 3532 myoparonas
1110 3465 1182 3534 gravi
1200 3473 1227 3516 et

77 3567 79 3578 ¹
129 3553 248 3612 «martia
265 3547 350 3600 classe
367 3547 507 3616 turbaret3
525 3565 581 3600 non
600 3549 742 3600 incruenta
758 3550 873 3602 victoria
890 3558 1006 3620 superat.
1027 3548 1084 3602 Sed
1103 3569 1154 3604 nec
1169 3570 1225 3602 ma-

128 3641 171 3700 «ri
189 3637 362 3691 submovisse
376 3645 537 3700 contentus,
554 3635 735 3690 validissimas
750 3627 832 3706 urbes
848 3657 957 3701 eorum,
978 3645 1005 3689 et
1026 3637 1131 3700 diutina
1147 3658 1226 3711 prae·

131 3727 185 3788 ,da
197 3721 387 3788 abundantes,
405 3722 533 3777 Phaselin
552 3733 579 3779 et
595 3724 734 3799 Olympon
752 3728 866 3790 evertit,
885 3727 1062 3800 lenonumque
1078 3728 1166 3798 ipsam
1182 3746 1225 3777 ar-

131 3833 211 3874 «cem
226 3810 354 3866 Ciliciae:
373 3811 448 3864 unde
472 3815 599 3867 conscius
617 3813 672 3867 sibi
694 3817 784 3886 magni
804 3813 924 3878 laboris,
942 3814 1057 3876 Isaurici
1072 3831 1224 3885 cognomen

132 3901 309 3960 «adamavit»
328 3899 488 3954 Accuratiue
501 3905 651 3974 Eutropius
664 3905 737 3958 Libr.
760 3905 811 3960 VI.
831 3922 891 3974 cap.
912 3909 946 3958 3:
973 3903 1032 3962 ,Ad
1050 3901 1176 3955 Ciliciam
1197 3909 1223 3950 et

134 3987 330 4060 ,Pamphiliam
344 3989 444 4042 missus
457 3991 545 4056 estP.
559 3990 690 4046 Servilius
713 4009 727 4043 e
751 3989 872 4044 Consule
890 3991 932 4044 vir
954 3999 1089 4044 strenuus.
1108 3989 1137 4040 Is
1154 3985 1222 4040 Cili·

1103 4089 1123 4147 3
