2950 4810
620 301 710 352 xxm

577 373 762 390 m

130 485 204 542 nes
224 445 429 567 subjunxi,
441 449 594 566 quibus
604 461 720 534 meas
730 463 1071 566 quantascunque
1089 453 1219 535 anim·

129 590 394 676 adversiones
403 584 598 702 adspersi.
610 585 819 670 Monitum
836 609 976 670 tamen
993 585 1132 690 velim,
1150 617 1219 670 me

132 723 432 811 Commentarii
448 723 492 805 in
509 724 591 805 hoc
611 747 776 816 carmen
789 743 948 835 partem
965 721 1145 805 criticam
1163 722 1220 805 ita

128 875 387 958 retractasse,
430 873 476 940 ut
502 853 773 958 Editlooum,
805 869 996 972 ¹quarumv
1021 853 1219 968 plurimas

128 995 220 1107 ipse
247 991 493 1092 examinavi,
513 1011 554 1072 et
575 985 802 1092 Codicum',
821 1015 928 1104 quos
952 1018 974 1072 e
993 987 1222 1072 Burmanni

128 1111 174 1212 ¹et
189 1121 465 1210 Wernsdorfii
489 1120 573 1205 fide
602 1123 723 1207 citare
741 1147 904 1207 coactus
927 1122 1004 1220 sui,
1022 1121 1221 1208 lectiones

129 1262 280 1364 varias,
297 1259 410 1374 prius
430 1259 473 1341 in
490 1257 717 1340 Burmanni
742 1279 782 1339 et
810 1254 1088 1341 Wernsdorlii
1113 1257 1223 1342 notis

132 1394 362 1509 dispersas,
383 1416 494 1475 certo
515 1387 661 1474 ordine
682 1388 960 1502 disponerem.

218 1526 416 1640 Superest
447 1524 677 1610 clarissimis
704 1525 800 1608 viris
824 1523 1035 1610 bonorum
1064 1522 1223 1610 studio·

130 1690 224 1743 rum
251 1657 502 1764 fautoribus,
533 1658 607 1773 qui
642 1656 783 1741 multis
818 1656 956 1743 modis
990 1659 1223 1743 institutum

135 1821 277 1876 meum
293 1815 611 1904 promoverunt,
639 1791 807 1904 publice
831 1794 969 1876 testari
987 1815 1132 1904 grates.
1156 1791 1222 1877 ln-

132 1950 195 2011 ter
214 1953 322 2039 quos
340 1926 523 2038 principe
539 1923 632 2009 loco
652 1924 899 2011 nominandi
918 1924 1126 2012 duumviri
1144 1926 1223 2011 cla·
1248 2017 1250 2025 J
1349 1919 1355 1932 '

131 2060 281 2144 tissimi
309 2057 592 2143 Bibliothecae
623 2059 834 2168 Augustae
866 2059 1096 2162 Custodes,
1125 2059 1223 2144 Bar·

138 2189 584 2304 tholomaeusKopitar
603 2213 644 2274 et
659 2191 684 2274 J
686 2195 866 2304 osephus
889 2193 941 2278 ab
954 2191 1222 2278 Eichenfeld:

430 2358 591 2431 «animae,
615 2356 723 2440 quales
744 2379 805 2422 nec
827 2359 1027 2423 candidiores

222 2461 343 2526 «Terra
364 2458 449 2535 tulit3
472 2481 577 2543 neque
600 2457 673 2544 quis
694 2481 747 2524 me
769 2460 809 2522 sit
832 2461 1008 2526 devinctior
1029 2461 1144 2538 altem

136 2617 316 2710 quorum
344 2597 411 2681 hic
438 2581 591 2682 iteratis
619 2597 778 2682 vicibus
808 2598 1061 2684 Bobieusem
1095 2601 1222 2686 Codi-
1331 2675 1333 2678 .

136 2760 227 2814 cem
250 2759 414 2813 mecum
435 2731 703 2835 examinavit,
721 2733 790 2817 ille
817 2762 915 2817 vero
948 2757 1059 2818 tanta
1085 2735 1126 2818 in
1154 2759 1223 2819 nte

134 2893 313 2976 meaque
328 2866 466 2948 omnia
478 2865 686 2948 cumulare
705 2867 811 2950 solet
827 2864 1041 2970 beneficia,
1058 2891 1103 2952 ut
1124 2870 1223 2952 etin
1321 2927 1325 2938 ,

137 2996 303 3083 edendo
330 3000 458 3082 hocce
485 2998 685 3113 opusculo
704 2999 930 3113 plurimum
956 3031 1025 3084 me
1044 3003 1130 3112 ejus
1151 3000 1223 3086 de·

134 3132 234 3217 bere
252 3133 454 3217 amicitiae
470 3132 663 3216 lubenter
687 3131 835 3218 satear.
854 3133 1079 3218 Clarissimi
1107 3167 1223 3248 prae-

105 3321 109 3334 ·
134 3289 246 3348 terea
264 3266 339 3349 viri
352 3265 557 3350 Antonius
577 3267 692 3351 Stein
710 3269 899 3380 Augusto
920 3301 943 3352 a
966 3267 1160 3354 Consiliis
1183 3295 1225 3355 et

134 3397 388 3511 Philologiae
415 3400 458 3482 in
479 3398 759 3486 Universitate
780 3399 1103 3488 Vindobonensi
1122 3405 1222 3490 Pro·

76 3509 80 3523 ¹
134 3532 265 3616 sessor
285 3534 498 3638 emeritus,
516 3558 556 3618 et
573 3535 780 3648 Joseplrus
805 3536 965 3640 lenio,
985 3535 1222 3624 Matheseos

133 3667 177 3750 in
199 3661 345 3748 eadem
356 3664 634 3753 Universitate
645 3670 856 3756 Professor
870 3701 910 3784 p.
929 3701 990 3773 o.‚
1009 3672 1127 3784 plura
1147 3703 1222 3786 op-

134 3822 311 3912 portune
330 3801 566 3910 monendo,
590 3805 751 3917 egregie
774 3803 827 3889 de
856 3835 953 3891 meo
968 3805 1110 3893 labore
1132 3837 1219 3930 tne-
1311 3791 1317 3801 ¹

134 3931 201 4016 riti
218 3956 325 4021 sunt.
