<?xml version="1.0" encoding="UTF-8"?>
<!DOCTYPE html PUBLIC "-//W3C//DTD XHTML 1.0 Transitional//EN"
    "http://www.w3.org/TR/xhtml1/DTD/xhtml1-transitional.dtd">
<html xmlns="http://www.w3.org/1999/xhtml" xml:lang="en" lang="en">
 <head>
  <title>
</title>
<meta http-equiv="Content-Type" content="text/html;charset=utf-8" />
  <meta name='ocr-system' content='tesseract 3.04.00' />
  <meta name='ocr-capabilities' content='ocr_page ocr_carea ocr_par ocr_line ocrx_word'/>
</head>
<body>
  <div class='ocr_page' id='page_1' title='image "./priscianigramma00prisgoog_0141.png"; bbox 0 0 2908 4814; ppageno 0'>
   <div class='ocr_carea' id='block_1_1' title="bbox 753 295 817 365">
    <p class='ocr_par' dir='ltr' id='par_1_1' title="bbox 753 295 817 365">
     <span class='ocr_line' id='line_1_1' title="bbox 753 295 817 365; baseline 0.031 -2"><span class='ocrx_word' id='word_1_1' title='bbox 753 295 817 365; x_wconf 78' lang='lat'><strong>1⁰8</strong></span> 
     </span>
    </p>
   </div>
   <div class='ocr_carea' id='block_1_2' title="bbox 233 449 1145 685">
    <p class='ocr_par' dir='ltr' id='par_1_2' title="bbox 233 449 1145 685">
     <span class='ocr_line' id='line_1_2' title="bbox 301 449 1145 522; baseline -0.008 -14"><span class='ocrx_word' id='word_1_2' title='bbox 301 454 379 508; x_wconf 86' lang='lat' dir='ltr'><strong>Vers.</strong></span> <span class='ocrx_word' id='word_1_3' title='bbox 399 463 441 518; x_wconf 72' lang='lat' dir='ltr'><strong>tr.</strong></span> <span class='ocrx_word' id='word_1_4' title='bbox 459 453 572 506; x_wconf 79' lang='lat' dir='ltr'><strong>Solidae</strong></span> <span class='ocrx_word' id='word_1_5' title='bbox 583 449 687 513; x_wconf 83' lang='lat' dir='ltr'>librae,</span> <span class='ocrx_word' id='word_1_6' title='bbox 705 452 724 502; x_wconf 92' lang='lat' dir='ltr'><strong>i.</strong></span> <span class='ocrx_word' id='word_1_7' title='bbox 743 469 765 502; x_wconf 89' lang='lat' dir='ltr'><strong>e.</strong></span> <span class='ocrx_word' id='word_1_8' title='bbox 783 451 869 504; x_wconf 78' lang='lat' dir='ltr'><strong>totins</strong></span> <span class='ocrx_word' id='word_1_9' title='bbox 882 449 926 502; x_wconf 80' lang='lat' dir='ltr'><strong>vel</strong></span> <span class='ocrx_word' id='word_1_10' title='bbox 940 452 1079 522; x_wconf 73' lang='lat' dir='ltr'><strong>integrae,</strong></span> <span class='ocrx_word' id='word_1_11' title='bbox 1098 458 1145 502; x_wconf 84' lang='lat' dir='ltr'><strong>ut:</strong></span> 
     </span>
     <span class='ocr_line' id='line_1_3' title="bbox 466 530 977 613; baseline -0.004 -19"><span class='ocrx_word' id='word_1_12' title='bbox 466 549 587 613; x_wconf 66' lang='lat' dir='ltr'><strong>«partein</strong></span> <span class='ocrx_word' id='word_1_13' title='bbox 605 530 824 594; x_wconf 84' lang='lat' dir='ltr'><strong>solido&#39;demerc</strong></span> <span class='ocrx_word' id='word_1_14' title='bbox 844 537 879 590; x_wconf 89' lang='lat' dir='ltr'><strong>de</strong></span> <span class='ocrx_word' id='word_1_15' title='bbox 898 537 944 592; x_wconf 90' lang='lat' dir='ltr'><strong>die</strong></span> <span class='ocrx_word' id='word_1_16' title='bbox 953 553 977 602; x_wconf 66' lang='lat'><strong>,⁸</strong></span> 
     </span>
     <span class='ocr_line' id='line_1_4' title="bbox 233 627 850 685; baseline -0.005 -2"><span class='ocrx_word' id='word_1_17' title='bbox 233 629 416 685; x_wconf 77' lang='lat' dir='ltr'><strong>dixitHorat.</strong></span> <span class='ocrx_word' id='word_1_18' title='bbox 435 630 526 684; x_wconf 82' lang='lat' dir='ltr'><strong>Oarm.</strong></span> <span class='ocrx_word' id='word_1_19' title='bbox 540 630 565 682; x_wconf 90' lang='grc' dir='ltr'><strong>Ι.</strong></span> <span class='ocrx_word' id='word_1_20' title='bbox 581 648 605 685; x_wconf 84' lang='grc' dir='ltr'><strong>ι.</strong></span> <span class='ocrx_word' id='word_1_21' title='bbox 621 645 665 684; x_wconf 81' lang='lat'><strong>20.</strong></span> <span class='ocrx_word' id='word_1_22' title='bbox 684 627 850 681; x_wconf 77' lang='lat' dir='ltr'><strong>Weunsn.</strong></span> 
     </span>
    </p>
   </div>
   <div class='ocr_carea' id='block_1_3' title="bbox 302 747 1327 999">
    <p class='ocr_par' dir='ltr' id='par_1_3' title="bbox 302 747 1327 999">
     <span class='ocr_line' id='line_1_5' title="bbox 302 747 1200 818; baseline -0.01 -10"><span class='ocrx_word' id='word_1_23' title='bbox 302 754 379 808; x_wconf 86' lang='lat' dir='ltr'><strong>Vers.</strong></span> <span class='ocrx_word' id='word_1_24' title='bbox 395 762 439 818; x_wconf 74' lang='lat' dir='ltr'><strong>tn.</strong></span> <span class='ocrx_word' id='word_1_25' title='bbox 457 754 520 806; x_wconf 84' lang='lat' dir='ltr'><strong>Sive</strong></span> <span class='ocrx_word' id='word_1_26' title='bbox 539 755 624 813; x_wconf 79' lang='lat' dir='ltr'><strong>assis,</strong></span> <span class='ocrx_word' id='word_1_27' title='bbox 639 748 712 802; x_wconf 84' lang='lat' dir='ltr'><strong>Edd.</strong></span> <span class='ocrx_word' id='word_1_28' title='bbox 731 769 803 802; x_wconf 87' lang='lat' dir='ltr'><strong>omn.</strong></span> <span class='ocrx_word' id='word_1_29' title='bbox 821 769 921 803; x_wconf 80' lang='lat' dir='ltr'><strong>-seu</strong></span> <span class='ocrx_word' id='word_1_30' title='bbox 938 754 1025 811; x_wconf 84' lang='lat' dir='ltr'><strong>assis,</strong></span> <span class='ocrx_word' id='word_1_31' title='bbox 1044 747 1114 802; x_wconf 86' lang='lat' dir='ltr'><strong>cod.</strong></span> <span class='ocrx_word' id='word_1_32' title='bbox 1133 747 1200 801; x_wconf 88' lang='grc' dir='ltr'><strong>Βοὴ.</strong></span> 
     </span>
     <span class='ocr_line' id='line_1_6' title="bbox 303 835 1205 910; baseline -0.01 -15"><span class='ocrx_word' id='word_1_33' title='bbox 303 841 379 896; x_wconf 87' lang='lat' dir='ltr'><strong>Nam</strong></span> <span class='ocrx_word' id='word_1_34' title='bbox 395 845 452 908; x_wconf 82' lang='lat' dir='ltr'><strong>sic,-</strong></span> <span class='ocrx_word' id='word_1_35' title='bbox 471 837 579 893; x_wconf 91' lang='lat' dir='ltr'><strong>scilicet</strong></span> <span class='ocrx_word' id='word_1_36' title='bbox 596 855 699 901; x_wconf 85' lang='lat' dir='ltr'><strong>assem,</strong></span> <span class='ocrx_word' id='word_1_37' title='bbox 718 835 752 890; x_wconf 88' lang='lat' dir='ltr'><strong>de</strong></span> <span class='ocrx_word' id='word_1_38' title='bbox 770 858 824 910; x_wconf 90' lang='lat' dir='ltr'><strong>quo</strong></span> <span class='ocrx_word' id='word_1_39' title='bbox 840 836 915 908; x_wconf 87' lang='lat' dir='ltr'><strong>leges</strong></span> <span class='ocrx_word' id='word_1_40' title='bbox 931 855 1064 890; x_wconf 88' lang='lat' dir='ltr'><strong>romanae.</strong></span> <span class='ocrx_word' id='word_1_41' title='bbox 1083 837 1205 891; x_wconf 74' lang='lat' dir='ltr'><strong>Vener.</strong></span> 
     </span>
     <span class='ocr_line' id='line_1_7' title="bbox 303 921 1327 999; baseline -0.009 -17"><span class='ocrx_word' id='word_1_42' title='bbox 303 931 395 982; x_wconf 75' lang='lat' dir='ltr'><strong>dixere</strong></span> <span class='ocrx_word' id='word_1_43' title='bbox 408 933 499 999; x_wconf 83' lang='lat' dir='ltr'><strong>periti,</strong></span> <span class='ocrx_word' id='word_1_44' title='bbox 509 925 579 980; x_wconf 87' lang='lat' dir='ltr'><strong>cod.</strong></span> <span class='ocrx_word' id='word_1_45' title='bbox 595 925 664 981; x_wconf 86' lang='lat' dir='ltr'><strong>Bob.</strong></span> <span class='ocrx_word' id='word_1_46' title='bbox 674 923 746 978; x_wconf 85' lang='lat' dir='ltr'><strong>Edd.</strong></span> <span class='ocrx_word' id='word_1_47' title='bbox 764 943 836 978; x_wconf 89' lang='lat' dir='ltr'><strong>omn.</strong></span> <span class='ocrx_word' id='word_1_48' title='bbox 852 955 889 968; x_wconf 90' lang='lat'><em>-</em></span> <span class='ocrx_word' id='word_1_49' title='bbox 906 929 997 980; x_wconf 77' lang='lat' dir='ltr'><strong><em>dixere</em></strong></span> <span class='ocrx_word' id='word_1_50' title='bbox 1012 929 1127 997; x_wconf 80' lang='lat' dir='ltr'><strong>priores,</strong></span> <span class='ocrx_word' id='word_1_51' title='bbox 1136 922 1206 978; x_wconf 87' lang='lat' dir='ltr'><strong>cod.</strong></span> <span class='ocrx_word' id='word_1_52' title='bbox 1219 921 1327 975; x_wconf 87' lang='lat' dir='ltr'><strong>Thuan.</strong></span> 
     </span>
    </p>
   </div>
   <div class='ocr_carea' id='block_1_4' title="bbox 234 1045 1334 1478">
    <p class='ocr_par' dir='ltr' id='par_1_4' title="bbox 235 1045 1333 1212">
     <span class='ocr_line' id='line_1_8' title="bbox 304 1045 1333 1124; baseline -0.007 -20"><span class='ocrx_word' id='word_1_53' title='bbox 304 1051 382 1105; x_wconf 87' lang='lat' dir='ltr'><strong>Vers.</strong></span> <span class='ocrx_word' id='word_1_54' title='bbox 401 1059 445 1114; x_wconf 72' lang='grc'><strong>45.</strong></span> <span class='ocrx_word' id='word_1_55' title='bbox 464 1053 508 1104; x_wconf 76' lang='lat' dir='ltr'><strong>Ex</strong></span> <span class='ocrx_word' id='word_1_56' title='bbox 523 1069 596 1124; x_wconf 80' lang='lat' dir='ltr'><strong>quc,</strong></span> <span class='ocrx_word' id='word_1_57' title='bbox 615 1067 654 1102; x_wconf 85' lang='lat' dir='ltr'><strong>sc.</strong></span> <span class='ocrx_word' id='word_1_58' title='bbox 670 1069 737 1102; x_wconf 83' lang='lat' dir='ltr'><strong>asse.</strong></span> <span class='ocrx_word' id='word_1_59' title='bbox 756 1049 862 1122; x_wconf 86' lang='lat' dir='ltr'><strong>Nempe</strong></span> <span class='ocrx_word' id='word_1_60' title='bbox 878 1071 912 1104; x_wconf 73' lang='lat' dir='ltr'><strong>ex</strong></span> <span class='ocrx_word' id='word_1_61' title='bbox 927 1070 987 1104; x_wconf 77' lang='lat' dir='ltr'><strong>asse</strong></span> <span class='ocrx_word' id='word_1_62' title='bbox 1002 1047 1133 1100; x_wconf 83' lang='lat' dir='ltr'><strong>haeredes</strong></span> <span class='ocrx_word' id='word_1_63' title='bbox 1153 1045 1333 1106; x_wconf 80' lang='lat' dir='ltr'><strong>dicebantur,</strong></span> 
     </span>
     <span class='ocr_line' id='line_1_9' title="bbox 235 1136 946 1212; baseline -0.001 -20"><span class='ocrx_word' id='word_1_64' title='bbox 235 1140 282 1212; x_wconf 90' lang='lat' dir='ltr'><strong>qui</strong></span> <span class='ocrx_word' id='word_1_65' title='bbox 296 1147 382 1193; x_wconf 87' lang='lat' dir='ltr'><strong>totam</strong></span> <span class='ocrx_word' id='word_1_66' title='bbox 397 1136 593 1192; x_wconf 83' lang='lat' dir='ltr'><strong>haereditatem</strong></span> <span class='ocrx_word' id='word_1_67' title='bbox 609 1137 762 1210; x_wconf 82' lang='lat' dir='ltr'><strong>capiebant.</strong></span> <span class='ocrx_word' id='word_1_68' title='bbox 781 1140 946 1194; x_wconf 76' lang='lat' dir='ltr'><strong>Weaasu.</strong></span> 
     </span>
    </p>

    <p class='ocr_par' dir='ltr' id='par_1_5' title="bbox 234 1220 1334 1388">
     <span class='ocr_line' id='line_1_10' title="bbox 306 1220 1333 1301; baseline -0.007 -23"><span class='ocrx_word' id='word_1_69' title='bbox 306 1227 382 1301; x_wconf 87' lang='lat' dir='ltr'><strong>quod</strong></span> <span class='ocrx_word' id='word_1_70' title='bbox 399 1230 460 1290; x_wconf 85' lang='lat' dir='ltr'><strong>soli,</strong></span> <span class='ocrx_word' id='word_1_71' title='bbox 480 1225 551 1280; x_wconf 88' lang='lat' dir='ltr'><strong>cod.</strong></span> <span class='ocrx_word' id='word_1_72' title='bbox 569 1224 637 1300; x_wconf 80' lang='grc' dir='ltr'><strong>Βοὴ.</strong></span> <span class='ocrx_word' id='word_1_73' title='bbox 654 1245 725 1298; x_wconf 85' lang='lat' dir='ltr'><strong>apr.</strong></span> <span class='ocrx_word' id='word_1_74' title='bbox 737 1245 773 1279; x_wconf 91' lang='lat' dir='ltr'><strong>m.</strong></span> <span class='ocrx_word' id='word_1_75' title='bbox 788 1225 861 1280; x_wconf 87' lang='lat' dir='ltr'><strong>Edd.</strong></span> <span class='ocrx_word' id='word_1_76' title='bbox 871 1226 909 1299; x_wconf 85' lang='lat' dir='ltr'><strong>pl.</strong></span> <span class='ocrx_word' id='word_1_77' title='bbox 929 1258 966 1270; x_wconf 71' lang='grc' dir='ltr'><strong>-ι</strong></span> <span class='ocrx_word' id='word_1_78' title='bbox 983 1227 1050 1298; x_wconf 82' lang='lat' dir='ltr'><strong>quid</strong></span> <span class='ocrx_word' id='word_1_79' title='bbox 1063 1229 1131 1286; x_wconf 88' lang='lat' dir='ltr'><strong>soli,</strong></span> <span class='ocrx_word' id='word_1_80' title='bbox 1146 1222 1215 1276; x_wconf 81' lang='lat' dir='ltr'><strong>cod.</strong></span> <span class='ocrx_word' id='word_1_81' title='bbox 1226 1220 1333 1274; x_wconf 84' lang='lat' dir='ltr'><strong>Thuau.</strong></span> 
     </span>
     <span class='ocr_line' id='line_1_11' title="bbox 234 1311 1334 1388; baseline -0.006 -19"><span class='ocrx_word' id='word_1_82' title='bbox 234 1315 286 1369; x_wconf 82' lang='lat' dir='ltr'><strong>Ed.</strong></span> <span class='ocrx_word' id='word_1_83' title='bbox 304 1315 401 1368; x_wconf 88' lang='lat' dir='ltr'><strong>Coust.</strong></span> <span class='ocrx_word' id='word_1_84' title='bbox 417 1316 446 1368; x_wconf 91' lang='lat' dir='ltr'><strong>iu</strong></span> <span class='ocrx_word' id='word_1_85' title='bbox 462 1333 545 1386; x_wconf 80' lang='lat' dir='ltr'><strong>marg.</strong></span> <span class='ocrx_word' id='word_1_86' title='bbox 560 1345 597 1358; x_wconf 90' lang='lat'><strong>·-</strong></span> <span class='ocrx_word' id='word_1_87' title='bbox 612 1315 687 1388; x_wconf 83' lang='lat' dir='ltr'><strong>quod</strong></span> <span class='ocrx_word' id='word_1_88' title='bbox 703 1315 800 1378; x_wconf 83' lang='lat' dir='ltr'><strong>solidi,</strong></span> <span class='ocrx_word' id='word_1_89' title='bbox 824 1314 895 1368; x_wconf 91' lang='lat' dir='ltr'><strong>Cod.</strong></span> <span class='ocrx_word' id='word_1_90' title='bbox 918 1313 986 1368; x_wconf 91' lang='grc' dir='ltr'><strong>Βοὴ.</strong></span> <span class='ocrx_word' id='word_1_91' title='bbox 1005 1333 1037 1368; x_wconf 85' lang='lat' dir='ltr'><strong>ex</strong></span> <span class='ocrx_word' id='word_1_92' title='bbox 1054 1311 1161 1365; x_wconf 88' lang='lat' dir='ltr'><strong>emend.</strong></span> <span class='ocrx_word' id='word_1_93' title='bbox 1180 1329 1251 1362; x_wconf 86' lang='lat' dir='ltr'><strong>man.</strong></span> <span class='ocrx_word' id='word_1_94' title='bbox 1268 1319 1334 1362; x_wconf 83' lang='lat' dir='ltr'><strong>tert.</strong></span> 
     </span>
    </p>

    <p class='ocr_par' dir='ltr' id='par_1_6' title="bbox 304 1400 1259 1478">
     <span class='ocr_line' id='line_1_12' title="bbox 304 1400 1259 1478; baseline -0.003 -24"><span class='ocrx_word' id='word_1_95' title='bbox 304 1404 444 1456; x_wconf 84' lang='lat' dir='ltr'><strong>Hactenus</strong></span> <span class='ocrx_word' id='word_1_96' title='bbox 456 1406 508 1457; x_wconf 81' lang='lat' dir='ltr'><strong>soli</strong></span> <span class='ocrx_word' id='word_1_97' title='bbox 523 1401 627 1456; x_wconf 88' lang='lat' dir='ltr'><strong>lectum</strong></span> <span class='ocrx_word' id='word_1_98' title='bbox 644 1411 705 1466; x_wconf 89' lang='lat' dir='ltr'><strong>est,</strong></span> <span class='ocrx_word' id='word_1_99' title='bbox 725 1402 776 1454; x_wconf 88' lang='lat' dir='ltr'><strong>sed</strong></span> <span class='ocrx_word' id='word_1_100' title='bbox 789 1400 846 1474; x_wconf 87' lang='lat' dir='ltr'><strong>legi</strong></span> <span class='ocrx_word' id='word_1_101' title='bbox 860 1411 954 1476; x_wconf 90' lang='lat' dir='ltr'><strong>potest</strong></span> <span class='ocrx_word' id='word_1_102' title='bbox 967 1404 1056 1456; x_wconf 88' lang='lat' dir='ltr'><strong>solidi.</strong></span> <span class='ocrx_word' id='word_1_103' title='bbox 1075 1402 1123 1453; x_wconf 88' lang='lat' dir='ltr'><strong>Bu</strong></span> <span class='ocrx_word' id='word_1_104' title='bbox 1133 1416 1226 1478; x_wconf 66' lang='lat' dir='ltr'><strong>ruas</strong></span> <span class='ocrx_word' id='word_1_105' title='bbox 1235 1419 1259 1452; x_wconf 78' lang='lat' dir='ltr'><strong>u.</strong></span> 
     </span>
    </p>
   </div>
   <div class='ocr_carea' id='block_1_5' title="bbox 237 1522 1333 2034">
    <p class='ocr_par' dir='ltr' id='par_1_7' title="bbox 237 1522 1332 1668">
     <span class='ocr_line' id='line_1_13' title="bbox 306 1522 1332 1598; baseline -0.005 -19"><span class='ocrx_word' id='word_1_106' title='bbox 306 1527 386 1580; x_wconf 84' lang='lat' dir='ltr'><strong>Vera.</strong></span> <span class='ocrx_word' id='word_1_107' title='bbox 399 1535 442 1590; x_wconf 70' lang='lat'><strong>44.</strong></span> <span class='ocrx_word' id='word_1_108' title='bbox 462 1528 603 1589; x_wconf 81' lang='lat' dir='ltr'><strong><em>Dicimur,</em></strong></span> <span class='ocrx_word' id='word_1_109' title='bbox 621 1522 692 1579; x_wconf 85' lang='lat' dir='ltr'><strong>cod.</strong></span> <span class='ocrx_word' id='word_1_110' title='bbox 710 1524 778 1598; x_wconf 75' lang='grc' dir='ltr'><strong>Βοὴ.</strong></span> <span class='ocrx_word' id='word_1_111' title='bbox 793 1545 808 1578; x_wconf 91' lang='lat' dir='ltr'><strong>a</strong></span> <span class='ocrx_word' id='word_1_112' title='bbox 823 1545 865 1598; x_wconf 90' lang='lat' dir='ltr'><strong>pr.</strong></span> <span class='ocrx_word' id='word_1_113' title='bbox 878 1543 950 1580; x_wconf 86' lang='lat' dir='ltr'><strong>man.</strong></span> <span class='ocrx_word' id='word_1_114' title='bbox 965 1524 1038 1579; x_wconf 87' lang='lat' dir='ltr'><strong>Edd.</strong></span> <span class='ocrx_word' id='word_1_115' title='bbox 1055 1539 1127 1579; x_wconf 87' lang='lat' dir='ltr'><strong>omn.</strong></span> <span class='ocrx_word' id='word_1_116' title='bbox 1151 1551 1187 1564; x_wconf 94' lang='lat'><strong>-—</strong></span> <span class='ocrx_word' id='word_1_117' title='bbox 1202 1524 1332 1582; x_wconf 78' lang='lat' dir='ltr'><strong>dicimus,</strong></span> 
     </span>
     <span class='ocr_line' id='line_1_14' title="bbox 237 1611 727 1668; baseline -0.004 -1"><span class='ocrx_word' id='word_1_118' title='bbox 237 1612 307 1668; x_wconf 85' lang='lat' dir='ltr'><strong>cod.</strong></span> <span class='ocrx_word' id='word_1_119' title='bbox 326 1611 395 1667; x_wconf 91' lang='grc' dir='ltr'><strong>Βοὴ.</strong></span> <span class='ocrx_word' id='word_1_120' title='bbox 413 1630 445 1666; x_wconf 87' lang='lat' dir='ltr'><strong>ex</strong></span> <span class='ocrx_word' id='word_1_121' title='bbox 463 1612 570 1666; x_wconf 87' lang='lat' dir='ltr'><strong>emend.</strong></span> <span class='ocrx_word' id='word_1_122' title='bbox 584 1630 656 1665; x_wconf 86' lang='lat' dir='ltr'><strong>man.</strong></span> <span class='ocrx_word' id='word_1_123' title='bbox 672 1631 727 1666; x_wconf 89' lang='lat' dir='ltr'><strong>sec.</strong></span> 
     </span>
    </p>

    <p class='ocr_par' dir='ltr' id='par_1_8' title="bbox 306 1700 940 1776">
     <span class='ocr_line' id='line_1_15' title="bbox 306 1700 940 1776; baseline 0 -22"><span class='ocrx_word' id='word_1_124' title='bbox 306 1707 410 1776; x_wconf 82' lang='lat' dir='ltr'><strong>partis,</strong></span> <span class='ocrx_word' id='word_1_125' title='bbox 429 1700 502 1755; x_wconf 80' lang='lat' dir='ltr'><strong>Edd.</strong></span> <span class='ocrx_word' id='word_1_126' title='bbox 518 1719 590 1754; x_wconf 80' lang='lat' dir='ltr'><strong>onan.</strong></span> <span class='ocrx_word' id='word_1_127' title='bbox 605 1715 767 1773; x_wconf 82' lang='lat' dir='ltr'><strong>-partes,</strong></span> <span class='ocrx_word' id='word_1_128' title='bbox 783 1702 854 1755; x_wconf 85' lang='lat' dir='ltr'><strong>Ccd.</strong></span> <span class='ocrx_word' id='word_1_129' title='bbox 872 1702 940 1756; x_wconf 90' lang='grc' dir='ltr'><strong>Βοὴ.</strong></span> 
     </span>
    </p>

    <p class='ocr_par' dir='ltr' id='par_1_9' title="bbox 238 1787 1333 1948">
     <span class='ocr_line' id='line_1_16' title="bbox 305 1787 1333 1863; baseline -0.008 -19"><span class='ocrx_word' id='word_1_130' title='bbox 305 1811 356 1863; x_wconf 83' lang='lat' dir='ltr'><strong>pro</strong></span> <span class='ocrx_word' id='word_1_131' title='bbox 374 1792 497 1863; x_wconf 82' lang='lat' dir='ltr'><strong>partibus</strong></span> <span class='ocrx_word' id='word_1_132' title='bbox 510 1790 602 1862; x_wconf 76' lang='lat' dir='ltr'><strong>hujus,</strong></span> <span class='ocrx_word' id='word_1_133' title='bbox 619 1787 690 1843; x_wconf 83' lang='lat' dir='ltr'><strong>cod.</strong></span> <span class='ocrx_word' id='word_1_134' title='bbox 701 1789 770 1844; x_wconf 92' lang='grc' dir='ltr'><strong>Βοὴ.</strong></span> <span class='ocrx_word' id='word_1_135' title='bbox 787 1799 814 1845; x_wconf 88' lang='lat' dir='ltr'><strong>et</strong></span> <span class='ocrx_word' id='word_1_136' title='bbox 830 1808 901 1843; x_wconf 91' lang='lat' dir='ltr'><strong>omn.</strong></span> <span class='ocrx_word' id='word_1_137' title='bbox 915 1821 952 1832; x_wconf 94' lang='lat'>-</span> <span class='ocrx_word' id='word_1_138' title='bbox 967 1809 1019 1861; x_wconf 82' lang='lat' dir='ltr'><strong>pro</strong></span> <span class='ocrx_word' id='word_1_139' title='bbox 1035 1789 1162 1860; x_wconf 81' lang='lat' dir='ltr'><strong>partibus</strong></span> <span class='ocrx_word' id='word_1_140' title='bbox 1170 1805 1244 1848; x_wconf 79' lang='lat' dir='ltr'><strong>usus,</strong></span> <span class='ocrx_word' id='word_1_141' title='bbox 1261 1803 1333 1836; x_wconf 88' lang='lat' dir='ltr'><strong>unns</strong></span> 
     </span>
     <span class='ocr_line' id='line_1_17' title="bbox 238 1875 984 1948; baseline -0.005 -16"><span class='ocrx_word' id='word_1_142' title='bbox 238 1899 252 1932; x_wconf 94' lang='lat' dir='ltr'><strong>e</strong></span> <span class='ocrx_word' id='word_1_143' title='bbox 269 1879 412 1932; x_wconf 83' lang='lat' dir='ltr'><strong>codicibus</strong></span> <span class='ocrx_word' id='word_1_144' title='bbox 430 1875 681 1948; x_wconf 87' lang='lat' dir='ltr'><strong>Guelpberbitanis.</strong></span> <span class='ocrx_word' id='word_1_145' title='bbox 978 1888 984 1900; x_wconf 84' lang='lat'><strong>·</strong></span> 
     </span>
    </p>

    <p class='ocr_par' dir='ltr' id='par_1_10' title="bbox 307 1962 1333 2034">
     <span class='ocr_line' id='line_1_18' title="bbox 307 1962 1333 2034; baseline -0.006 -16"><span class='ocrx_word' id='word_1_146' title='bbox 307 1967 329 2018; x_wconf 93' lang='grc' dir='ltr'><strong>Ι.</strong></span> <span class='ocrx_word' id='word_1_147' title='bbox 347 1985 370 2018; x_wconf 88' lang='lat' dir='ltr'><strong>e.</strong></span> <span class='ocrx_word' id='word_1_148' title='bbox 385 1965 504 2019; x_wconf 81' lang='lat' dir='ltr'><strong>dicimur</strong></span> <span class='ocrx_word' id='word_1_149' title='bbox 519 1962 650 2017; x_wconf 87' lang='lat' dir='ltr'><strong>haeredes</strong></span> <span class='ocrx_word' id='word_1_150' title='bbox 669 1985 702 2019; x_wconf 81' lang='lat' dir='ltr'><strong>ex</strong></span> <span class='ocrx_word' id='word_1_151' title='bbox 720 1965 834 2030; x_wconf 85' lang='lat' dir='ltr'><strong>deunce,</strong></span> <span class='ocrx_word' id='word_1_152' title='bbox 844 1965 949 2019; x_wconf 81' lang='lat' dir='ltr'><strong>sextula</strong></span> <span class='ocrx_word' id='word_1_153' title='bbox 964 1973 1016 2017; x_wconf 88' lang='lat' dir='ltr'><strong>etc.</strong></span> <span class='ocrx_word' id='word_1_154' title='bbox 1033 1965 1074 2018; x_wconf 89' lang='lat' dir='ltr'><strong>sic</strong></span> <span class='ocrx_word' id='word_1_155' title='bbox 1085 1963 1181 2017; x_wconf 81' lang='lat' dir='ltr'><strong>Cicero</strong></span> <span class='ocrx_word' id='word_1_156' title='bbox 1195 1981 1244 2034; x_wconf 82' lang='lat' dir='ltr'><strong>pro</strong></span> <span class='ocrx_word' id='word_1_157' title='bbox 1263 1963 1333 2014; x_wconf 81' lang='lat' dir='ltr'><strong>Cae-</strong></span> 
     </span>
    </p>
   </div>
   <div class='ocr_carea' id='block_1_6' title="bbox 143 2047 1434 2208">
    <p class='ocr_par' dir='ltr' id='par_1_11' title="bbox 143 2047 1434 2208">
     <span class='ocr_line' id='line_1_19' title="bbox 143 2047 1334 2126; baseline -0.009 -17"><span class='ocrx_word' id='word_1_158' title='bbox 143 2069 146 2080; x_wconf 89' lang='grc'><strong>’</strong></span> <span class='ocrx_word' id='word_1_159' title='bbox 238 2060 288 2108; x_wconf 85' lang='lat' dir='ltr'><strong>cin.</strong></span> <span class='ocrx_word' id='word_1_160' title='bbox 303 2075 362 2126; x_wconf 85' lang='lat' dir='ltr'><strong>cap.</strong></span> <span class='ocrx_word' id='word_1_161' title='bbox 381 2055 440 2109; x_wconf 85' lang='lat' dir='ltr'><strong>XV</strong></span> <span class='ocrx_word' id='word_1_162' title='bbox 436 2055 475 2106; x_wconf 88' lang='grc' dir='ltr'><strong>ΙΙ.</strong></span> <span class='ocrx_word' id='word_1_163' title='bbox 492 2053 686 2112; x_wconf 68' lang='lat' dir='ltr'><strong>«Testamento</strong></span> <span class='ocrx_word' id='word_1_164' title='bbox 704 2056 794 2116; x_wconf 84' lang='lat' dir='ltr'><strong>iacto,</strong></span> <span class='ocrx_word' id='word_1_165' title='bbox 814 2053 912 2106; x_wconf 84' lang='lat' dir='ltr'><strong>mulier</strong></span> <span class='ocrx_word' id='word_1_166' title='bbox 926 2056 1056 2106; x_wconf 86' lang='lat' dir='ltr'><strong>moritur:</strong></span> <span class='ocrx_word' id='word_1_167' title='bbox 1075 2052 1142 2105; x_wconf 80' lang='lat' dir='ltr'><strong>facit</strong></span> <span class='ocrx_word' id='word_1_168' title='bbox 1158 2049 1226 2102; x_wconf 87' lang='lat' dir='ltr'><strong>haec</strong></span> <span class='ocrx_word' id='word_1_169' title='bbox 1240 2047 1334 2100; x_wconf 88' lang='lat' dir='ltr'><strong>baere-</strong></span> 
     </span>
     <span class='ocr_line' id='line_1_20' title="bbox 240 2135 1434 2208; baseline -0.007 -13"><span class='ocrx_word' id='word_1_170' title='bbox 240 2140 319 2202; x_wconf 65' lang='lat' dir='ltr'><strong>«dem</strong></span> <span class='ocrx_word' id='word_1_171' title='bbox 334 2159 366 2194; x_wconf 84' lang='lat' dir='ltr'><strong>ex</strong></span> <span class='ocrx_word' id='word_1_172' title='bbox 384 2139 490 2193; x_wconf 86' lang='lat' dir='ltr'><strong>deunce</strong></span> <span class='ocrx_word' id='word_1_173' title='bbox 507 2142 693 2194; x_wconf 70' lang='lat' dir='ltr'><strong>et&#39;semuucia</strong></span> <span class='ocrx_word' id='word_1_174' title='bbox 708 2141 868 2206; x_wconf 85' lang='lat' dir='ltr'><strong>Caecinam,</strong></span> <span class='ocrx_word' id='word_1_175' title='bbox 883 2161 915 2194; x_wconf 83' lang='lat' dir='ltr'><strong>ex</strong></span> <span class='ocrx_word' id='word_1_176' title='bbox 932 2141 1038 2195; x_wconf 85' lang='lat' dir='ltr'><strong>duabus</strong></span> <span class='ocrx_word' id='word_1_177' title='bbox 1056 2140 1171 2193; x_wconf 85' lang='lat' dir='ltr'><strong>sextulis</strong></span> <span class='ocrx_word' id='word_1_178' title='bbox 1187 2137 1227 2190; x_wconf 78' lang='lat' dir='ltr'><strong>M.</strong></span> <span class='ocrx_word' id='word_1_179' title='bbox 1242 2135 1333 2189; x_wconf 86' lang='lat' dir='ltr'><strong>Fulci-</strong></span> <span class='ocrx_word' id='word_1_180' title='bbox 1397 2199 1399 2204; x_wconf 30' lang='lat'>·</span> <span class='ocrx_word' id='word_1_181' title='bbox 1433 2199 1434 2208; x_wconf 65' lang='lat'><strong>.</strong></span> 
     </span>
    </p>
   </div>
   <div class='ocr_carea' id='block_1_7' title="bbox 240 2225 1182 2300">
    <p class='ocr_par' dir='ltr' id='par_1_12' title="bbox 240 2225 1182 2300">
     <span class='ocr_line' id='line_1_21' title="bbox 240 2225 1182 2300; baseline 0 -21"><span class='ocrx_word' id='word_1_182' title='bbox 240 2246 321 2287; x_wconf 60' lang='lat' dir='ltr'><strong>«uum</strong></span> <span class='ocrx_word' id='word_1_183' title='bbox 334 2225 465 2280; x_wconf 87' lang='lat' dir='ltr'><strong>libertum</strong></span> <span class='ocrx_word' id='word_1_184' title='bbox 479 2229 629 2300; x_wconf 85' lang='lat' dir='ltr'><strong>superioris</strong></span> <span class='ocrx_word' id='word_1_185' title='bbox 645 2231 712 2295; x_wconf 87' lang='lat' dir='ltr'><strong>viri,</strong></span> <span class='ocrx_word' id='word_1_186' title='bbox 727 2229 846 2284; x_wconf 73' lang='lat' dir='ltr'><strong>Aebutio</strong></span> <span class='ocrx_word' id='word_1_187' title='bbox 865 2227 997 2283; x_wconf 83' lang='lat' dir='ltr'><strong>sextulam</strong></span> <span class='ocrx_word' id='word_1_188' title='bbox 1014 2229 1182 2300; x_wconf 62' lang='lat' dir='ltr'><strong>adspergit.»</strong></span> 
     </span>
    </p>
   </div>
   <div class='ocr_carea' id='block_1_8' title="bbox 310 2349 1335 2418">
    <p class='ocr_par' dir='ltr' id='par_1_13' title="bbox 310 2349 1335 2418">
     <span class='ocr_line' id='line_1_22' title="bbox 310 2349 1335 2418; baseline -0.005 -14"><span class='ocrx_word' id='word_1_189' title='bbox 310 2349 389 2404; x_wconf 79' lang='lat' dir='ltr'><strong>Vers.</strong></span> <span class='ocrx_word' id='word_1_190' title='bbox 408 2355 452 2414; x_wconf 67' lang='grc'><strong>45.</strong></span> <span class='ocrx_word' id='word_1_191' title='bbox 475 2353 561 2406; x_wconf 85' lang='lat' dir='ltr'><strong>Uncia</strong></span> <span class='ocrx_word' id='word_1_192' title='bbox 576 2355 599 2405; x_wconf 90' lang='lat' dir='ltr'><strong>si</strong></span> <span class='ocrx_word' id='word_1_193' title='bbox 617 2353 702 2407; x_wconf 80' lang='lat' dir='ltr'><strong>librae</strong></span> <span class='ocrx_word' id='word_1_194' title='bbox 720 2355 806 2418; x_wconf 82' lang='lat' dir='ltr'><strong>desit,</strong></span> <span class='ocrx_word' id='word_1_195' title='bbox 825 2351 895 2406; x_wconf 85' lang='lat' dir='ltr'><strong>cod.</strong></span> <span class='ocrx_word' id='word_1_196' title='bbox 911 2352 979 2407; x_wconf 88' lang='lat' dir='ltr'><strong>Bob.</strong></span> <span class='ocrx_word' id='word_1_197' title='bbox 1000 2385 1034 2398; x_wconf 47' lang='grc' dir='ltr'><strong>ν-</strong></span> <span class='ocrx_word' id='word_1_198' title='bbox 1060 2353 1147 2406; x_wconf 85' lang='lat' dir='ltr'><strong>Uncia</strong></span> <span class='ocrx_word' id='word_1_199' title='bbox 1165 2369 1228 2403; x_wconf 88' lang='lat' dir='ltr'><strong>nam</strong></span> <span class='ocrx_word' id='word_1_200' title='bbox 1250 2351 1335 2402; x_wconf 86' lang='lat' dir='ltr'><strong>librae</strong></span> 
     </span>
    </p>
   </div>
   <div class='ocr_carea' id='block_1_9' title="bbox 236 2434 1416 2510">
    <p class='ocr_par' dir='ltr' id='par_1_14' title="bbox 236 2434 1416 2510">
     <span class='ocr_line' id='line_1_23' title="bbox 236 2434 1416 2510; baseline -0.005 -18"><span class='ocrx_word' id='word_1_201' title='bbox 236 2441 364 2502; x_wconf 81' lang='lat' dir='ltr'><strong>sideest,</strong></span> <span class='ocrx_word' id='word_1_202' title='bbox 382 2437 455 2492; x_wconf 89' lang='lat' dir='ltr'><strong>Edd.</strong></span> <span class='ocrx_word' id='word_1_203' title='bbox 471 2459 542 2492; x_wconf 91' lang='lat' dir='ltr'><strong>omn.</strong></span> <span class='ocrx_word' id='word_1_204' title='bbox 559 2472 596 2484; x_wconf 92' lang='lat'><strong>·-</strong></span> <span class='ocrx_word' id='word_1_205' title='bbox 613 2443 700 2495; x_wconf 89' lang='lat' dir='ltr'><strong>Uncia</strong></span> <span class='ocrx_word' id='word_1_206' title='bbox 715 2445 737 2494; x_wconf 84' lang='lat' dir='ltr'><strong>si</strong></span> <span class='ocrx_word' id='word_1_207' title='bbox 754 2444 840 2496; x_wconf 82' lang='lat' dir='ltr'><strong>librae</strong></span> <span class='ocrx_word' id='word_1_208' title='bbox 854 2442 945 2505; x_wconf 84' lang='lat' dir='ltr'><strong>deest,</strong></span> <span class='ocrx_word' id='word_1_209' title='bbox 964 2439 1055 2494; x_wconf 85' lang='lat' dir='ltr'><strong>codd.</strong></span> <span class='ocrx_word' id='word_1_210' title='bbox 1077 2439 1175 2510; x_wconf 82' lang='lat' dir='ltr'><strong>Regin.</strong></span> <span class='ocrx_word' id='word_1_211' title='bbox 1193 2437 1222 2490; x_wconf 90' lang='lat' dir='ltr'><strong>S.</strong></span> <span class='ocrx_word' id='word_1_212' title='bbox 1242 2434 1332 2490; x_wconf 77' lang='lat' dir='ltr'><strong>Germ.</strong></span> <span class='ocrx_word' id='word_1_213' title='bbox 1412 2503 1416 2508; x_wconf 91' lang='lat'><strong>.</strong></span> 
     </span>
    </p>
   </div>
   <div class='ocr_carea' id='block_1_10' title="bbox 241 2525 1333 2686">
    <p class='ocr_par' dir='ltr' id='par_1_15' title="bbox 241 2525 1333 2686">
     <span class='ocr_line' id='line_1_24' title="bbox 310 2525 1333 2588; baseline -0.006 -8"><span class='ocrx_word' id='word_1_214' title='bbox 310 2526 409 2588; x_wconf 66' lang='lat' dir='ltr'><strong>«Libra</strong></span> <span class='ocrx_word' id='word_1_215' title='bbox 420 2526 464 2582; x_wconf 84' lang='lat' dir='ltr'><strong>vel</strong></span> <span class='ocrx_word' id='word_1_216' title='bbox 478 2528 514 2580; x_wconf 77' lang='lat' dir='ltr'><strong>As</strong></span> <span class='ocrx_word' id='word_1_217' title='bbox 529 2529 626 2580; x_wconf 87' lang='lat' dir='ltr'><strong>unciae</strong></span> <span class='ocrx_word' id='word_1_218' title='bbox 644 2527 800 2582; x_wconf 86' lang='lat' dir='ltr'><strong>duodecim.</strong></span> <span class='ocrx_word' id='word_1_219' title='bbox 819 2531 920 2582; x_wconf 69' lang='lat' dir='ltr'><strong>Dcuur</strong></span> <span class='ocrx_word' id='word_1_220' title='bbox 939 2532 1036 2581; x_wconf 90' lang='lat' dir='ltr'><strong>unciae</strong></span> <span class='ocrx_word' id='word_1_221' title='bbox 1055 2525 1194 2578; x_wconf 89' lang='lat' dir='ltr'><strong>undecim.</strong></span> <span class='ocrx_word' id='word_1_222' title='bbox 1213 2527 1333 2577; x_wconf 82' lang='lat' dir='ltr'><strong>Dextaus</strong></span> 
     </span>
     <span class='ocr_line' id='line_1_25' title="bbox 241 2613 1332 2686; baseline -0.005 -18"><span class='ocrx_word' id='word_1_223' title='bbox 241 2618 351 2675; x_wconf 65' lang='lat' dir='ltr'><strong>«unciae</strong></span> <span class='ocrx_word' id='word_1_224' title='bbox 362 2615 465 2668; x_wconf 87' lang='lat' dir='ltr'><strong>decem.</strong></span> <span class='ocrx_word' id='word_1_225' title='bbox 484 2615 614 2668; x_wconf 88' lang='lat' dir='ltr'><strong>Dodrans</strong></span> <span class='ocrx_word' id='word_1_226' title='bbox 624 2618 720 2670; x_wconf 87' lang='lat' dir='ltr'><strong>unciae</strong></span> <span class='ocrx_word' id='word_1_227' title='bbox 735 2636 841 2671; x_wconf 89' lang='lat' dir='ltr'><strong>novem.</strong></span> <span class='ocrx_word' id='word_1_228' title='bbox 851 2616 942 2669; x_wconf 88' lang='lat' dir='ltr'><strong>Bessis</strong></span> <span class='ocrx_word' id='word_1_229' title='bbox 957 2618 1054 2668; x_wconf 89' lang='lat' dir='ltr'><strong>unciae</strong></span> <span class='ocrx_word' id='word_1_230' title='bbox 1063 2624 1135 2668; x_wconf 88' lang='lat' dir='ltr'><strong>octo.</strong></span> <span class='ocrx_word' id='word_1_231' title='bbox 1146 2613 1272 2686; x_wconf 84' lang='lat' dir='ltr'><strong>Septunx</strong></span> <span class='ocrx_word' id='word_1_232' title='bbox 1285 2629 1332 2663; x_wconf 90' lang='lat' dir='ltr'><strong>un-</strong></span> 
     </span>
    </p>
   </div>
   <div class='ocr_carea' id='block_1_11' title="bbox 240 2689 1434 2779">
    <p class='ocr_par' dir='ltr' id='par_1_16' title="bbox 240 2689 1434 2779">
     <span class='ocr_line' id='line_1_26' title="bbox 240 2689 1434 2779; baseline -0.005 -23"><span class='ocrx_word' id='word_1_233' title='bbox 240 2705 314 2764; x_wconf 61' lang='lat' dir='ltr'><strong>«ciae</strong></span> <span class='ocrx_word' id='word_1_234' title='bbox 327 2713 441 2775; x_wconf 85' lang='lat' dir='ltr'><strong>septem.</strong></span> <span class='ocrx_word' id='word_1_235' title='bbox 462 2703 551 2758; x_wconf 82' lang='lat' dir='ltr'><strong>Samis</strong></span> <span class='ocrx_word' id='word_1_236' title='bbox 566 2705 663 2760; x_wconf 84' lang='lat' dir='ltr'><strong>unciae</strong></span> <span class='ocrx_word' id='word_1_237' title='bbox 672 2723 727 2758; x_wconf 82' lang='lat' dir='ltr'><strong>sex.</strong></span> <span class='ocrx_word' id='word_1_238' title='bbox 749 2705 897 2779; x_wconf 82' lang='lat' dir='ltr'><strong>Quincuux</strong></span> <span class='ocrx_word' id='word_1_239' title='bbox 905 2705 1003 2756; x_wconf 89' lang='lat' dir='ltr'><strong>unciae</strong></span> <span class='ocrx_word' id='word_1_240' title='bbox 1018 2705 1148 2776; x_wconf 88' lang='lat' dir='ltr'><strong>quinque.</strong></span> <span class='ocrx_word' id='word_1_241' title='bbox 1168 2703 1268 2754; x_wconf 89' lang='lat' dir='ltr'><strong>Triens</strong></span> <span class='ocrx_word' id='word_1_242' title='bbox 1284 2718 1332 2751; x_wconf 91' lang='lat' dir='ltr'><strong>uu·</strong></span> <span class='ocrx_word' id='word_1_243' title='bbox 1377 2710 1381 2720; x_wconf 94' lang='lat'>&#39;</span> <span class='ocrx_word' id='word_1_244' title='bbox 1433 2689 1434 2704; x_wconf 49' lang='lat'>¹</span> 
     </span>
    </p>
   </div>
   <div class='ocr_carea' id='block_1_12' title="bbox 238 2789 1333 3112">
    <p class='ocr_par' dir='ltr' id='par_1_17' title="bbox 238 2789 1333 3112">
     <span class='ocr_line' id='line_1_27' title="bbox 240 2789 1333 2866; baseline -0.004 -22"><span class='ocrx_word' id='word_1_245' title='bbox 240 2793 313 2852; x_wconf 63' lang='lat' dir='ltr'><strong>«ciac</strong></span> <span class='ocrx_word' id='word_1_246' title='bbox 330 2801 454 2865; x_wconf 86' lang='lat' dir='ltr'><strong>quatuor.</strong></span> <span class='ocrx_word' id='word_1_247' title='bbox 475 2791 619 2866; x_wconf 87' lang='lat' dir='ltr'><strong>Quadrans</strong></span> <span class='ocrx_word' id='word_1_248' title='bbox 641 2793 737 2844; x_wconf 89' lang='lat' dir='ltr'><strong>unciae</strong></span> <span class='ocrx_word' id='word_1_249' title='bbox 752 2802 817 2845; x_wconf 90' lang='lat' dir='ltr'><strong>tres.</strong></span> <span class='ocrx_word' id='word_1_250' title='bbox 836 2791 951 2846; x_wconf 80' lang='lat' dir='ltr'><strong>Sextans</strong></span> <span class='ocrx_word' id='word_1_251' title='bbox 967 2789 1154 2844; x_wconf 82' lang='lat' dir='ltr'><strong>unciae&#39;duue.</strong></span> <span class='ocrx_word' id='word_1_252' title='bbox 1173 2789 1263 2844; x_wconf 89' lang='lat' dir='ltr'><strong>Uncia</strong></span> <span class='ocrx_word' id='word_1_253' title='bbox 1277 2807 1333 2840; x_wconf 87' lang='lat' dir='ltr'><strong>ses·</strong></span> 
     </span>
     <span class='ocr_line' id='line_1_28' title="bbox 240 2877 1330 2951; baseline -0.007 -17"><span class='ocrx_word' id='word_1_254' title='bbox 240 2899 336 2944; x_wconf 65' lang='lat' dir='ltr'><strong>«cuna,</strong></span> <span class='ocrx_word' id='word_1_255' title='bbox 344 2877 386 2935; x_wconf 82' lang='lat' dir='ltr'><strong>vel</strong></span> <span class='ocrx_word' id='word_1_256' title='bbox 393 2879 476 2933; x_wconf 87' lang='lat' dir='ltr'><strong>utalii</strong></span> <span class='ocrx_word' id='word_1_257' title='bbox 492 2881 643 2944; x_wconf 88' lang='lat' dir='ltr'><strong>sescuncia,</strong></span> <span class='ocrx_word' id='word_1_258' title='bbox 654 2879 722 2933; x_wconf 89' lang='lat' dir='ltr'><strong>duae</strong></span> <span class='ocrx_word' id='word_1_259' title='bbox 737 2888 828 2951; x_wconf 85' lang='lat' dir='ltr'><strong>partes</strong></span> <span class='ocrx_word' id='word_1_260' title='bbox 845 2889 873 2932; x_wconf 89' lang='lat' dir='ltr'><strong>et</strong></span> <span class='ocrx_word' id='word_1_261' title='bbox 887 2883 993 2932; x_wconf 67' lang='lat' dir='ltr'><strong>uncia.»</strong></span> <span class='ocrx_word' id='word_1_262' title='bbox 1014 2882 1170 2933; x_wconf 80' lang='lat' dir='ltr'><strong>Priscianus</strong></span> <span class='ocrx_word' id='word_1_263' title='bbox 1187 2881 1205 2930; x_wconf 89' lang='lat' dir='ltr'><strong>l.</strong></span> <span class='ocrx_word' id='word_1_264' title='bbox 1222 2899 1245 2930; x_wconf 90' lang='lat' dir='ltr'><strong>c.</strong></span> <span class='ocrx_word' id='word_1_265' title='bbox 1259 2877 1330 2928; x_wconf 85' lang='lat' dir='ltr'><strong>Pris-</strong></span> 
     </span>
     <span class='ocr_line' id='line_1_29' title="bbox 238 2967 1329 3042; baseline -0.007 -20"><span class='ocrx_word' id='word_1_266' title='bbox 238 2970 310 3022; x_wconf 89' lang='lat' dir='ltr'><strong>ciani</strong></span> <span class='ocrx_word' id='word_1_267' title='bbox 323 2967 387 3023; x_wconf 89' lang='lat' dir='ltr'><strong>lcco</strong></span> <span class='ocrx_word' id='word_1_268' title='bbox 406 2968 524 3021; x_wconf 87' lang='lat' dir='ltr'><strong>subdere</strong></span> <span class='ocrx_word' id='word_1_269' title='bbox 538 2967 630 3041; x_wconf 87' lang='lat' dir='ltr'><strong>placet</strong></span> <span class='ocrx_word' id='word_1_270' title='bbox 643 2976 736 3020; x_wconf 90' lang='lat' dir='ltr'><strong>uotam</strong></span> <span class='ocrx_word' id='word_1_271' title='bbox 752 2969 891 3040; x_wconf 83' lang='lat' dir='ltr'><strong>antiquam</strong></span> <span class='ocrx_word' id='word_1_272' title='bbox 909 2967 943 3020; x_wconf 92' lang='lat' dir='ltr'><strong>de</strong></span> <span class='ocrx_word' id='word_1_273' title='bbox 959 2967 1130 3042; x_wconf 85' lang='lat' dir='ltr'><strong>ponderibus</strong></span> <span class='ocrx_word' id='word_1_274' title='bbox 1149 2967 1251 3028; x_wconf 88' lang='lat' dir='ltr'><strong>atticis,</strong></span> <span class='ocrx_word' id='word_1_275' title='bbox 1266 2981 1329 3037; x_wconf 86' lang='lat' dir='ltr'><strong>quac</strong></span> 
     </span>
     <span class='ocr_line' id='line_1_30' title="bbox 238 3053 896 3112; baseline -0.005 -1"><span class='ocrx_word' id='word_1_276' title='bbox 238 3060 268 3111; x_wconf 91' lang='lat' dir='ltr'><strong>iu</strong></span> <span class='ocrx_word' id='word_1_277' title='bbox 286 3057 356 3111; x_wconf 84' lang='lat' dir='ltr'><strong>cod.</strong></span> <span class='ocrx_word' id='word_1_278' title='bbox 373 3056 440 3110; x_wconf 85' lang='grc' dir='ltr'><strong>Βοὴ.</strong></span> <span class='ocrx_word' id='word_1_279' title='bbox 457 3058 571 3112; x_wconf 88' lang='lat' dir='ltr'><strong>carmini</strong></span> <span class='ocrx_word' id='word_1_280' title='bbox 587 3067 682 3112; x_wconf 89' lang='lat' dir='ltr'><strong>nostro</strong></span> <span class='ocrx_word' id='word_1_281' title='bbox 699 3053 842 3109; x_wconf 86' lang='lat' dir='ltr'><strong>adhaeret:</strong></span> <span class='ocrx_word' id='word_1_282' title='bbox 893 3073 896 3078; x_wconf 90' lang='lat'>·</span> 
     </span>
    </p>
   </div>
   <div class='ocr_carea' id='block_1_13' title="bbox 272 3179 868 4045">
    <p class='ocr_par' dir='ltr' id='par_1_18' title="bbox 272 3179 868 4045">
     <span class='ocr_line' id='line_1_31' title="bbox 313 3179 868 3252; baseline -0.002 -19"><span class='ocrx_word' id='word_1_283' title='bbox 313 3179 438 3234; x_wconf 84' lang='lat' dir='ltr'><strong>Pondere</strong></span> <span class='ocrx_word' id='word_1_284' title='bbox 453 3182 535 3232; x_wconf 88' lang='lat' dir='ltr'><strong>attica</strong></span> <span class='ocrx_word' id='word_1_285' title='bbox 550 3179 651 3236; x_wconf 87' lang='lat' dir='ltr'><strong>habent</strong></span> <span class='ocrx_word' id='word_1_286' title='bbox 667 3199 764 3252; x_wconf 79' lang='lat' dir='ltr'><strong>genera</strong></span> <span class='ocrx_word' id='word_1_287' title='bbox 777 3179 868 3234; x_wconf 89' lang='lat' dir='ltr'><strong>VIIII.</strong></span> 
     </span>
     <span class='ocr_line' id='line_1_32' title="bbox 272 3264 577 3322; baseline 0 0"><span class='ocrx_word' id='word_1_288' title='bbox 272 3314 275 3322; x_wconf 93' lang='lat'><strong>.</strong></span> <span class='ocrx_word' id='word_1_289' title='bbox 381 3269 403 3320; x_wconf 88' lang='grc' dir='ltr'><strong>Ι.</strong></span> <span class='ocrx_word' id='word_1_290' title='bbox 424 3264 577 3322; x_wconf 88' lang='lat' dir='ltr'><strong>Talentum.</strong></span> 
     </span>
     <span class='ocr_line' id='line_1_33' title="bbox 365 3355 496 3409; baseline -0.015 0"><span class='ocrx_word' id='word_1_291' title='bbox 365 3356 401 3409; x_wconf 94' lang='lat' dir='ltr'><strong>II.</strong></span> <span class='ocrx_word' id='word_1_292' title='bbox 421 3355 496 3407; x_wconf 86' lang='lat' dir='ltr'><strong>Mna.</strong></span> 
     </span>
     <span class='ocr_line' id='line_1_34' title="bbox 352 3442 514 3497; baseline 0 -1"><span class='ocrx_word' id='word_1_293' title='bbox 352 3444 404 3496; x_wconf 88' lang='lat' dir='ltr'><strong>III.</strong></span> <span class='ocrx_word' id='word_1_294' title='bbox 423 3442 514 3497; x_wconf 87' lang='lat' dir='ltr'><strong>Libra.</strong></span> 
     </span>
     <span class='ocr_line' id='line_1_35' title="bbox 356 3532 521 3586; baseline 0.006 -3"><span class='ocrx_word' id='word_1_295' title='bbox 356 3532 404 3586; x_wconf 88' lang='lat' dir='ltr'><strong>IV.</strong></span> <span class='ocrx_word' id='word_1_296' title='bbox 424 3532 521 3586; x_wconf 91' lang='lat' dir='ltr'><strong>Uncia.</strong></span> 
     </span>
     <span class='ocr_line' id='line_1_36' title="bbox 370 3620 521 3674; baseline 0.026 -4"><span class='ocrx_word' id='word_1_297' title='bbox 370 3620 402 3672; x_wconf 92' lang='lat' dir='ltr'><strong>V.</strong></span> <span class='ocrx_word' id='word_1_298' title='bbox 423 3620 521 3674; x_wconf 86' lang='lat' dir='ltr'><strong>Stater.</strong></span> 
     </span>
     <span class='ocr_line' id='line_1_37' title="bbox 356 3708 548 3779; baseline 0.005 -20"><span class='ocrx_word' id='word_1_299' title='bbox 356 3708 403 3760; x_wconf 90' lang='lat' dir='ltr'><strong>VI.</strong></span> <span class='ocrx_word' id='word_1_300' title='bbox 423 3709 548 3779; x_wconf 84' lang='lat' dir='ltr'><strong>Dragma.</strong></span> 
     </span>
     <span class='ocr_line' id='line_1_38' title="bbox 342 3795 589 3868; baseline 0.016 -20"><span class='ocrx_word' id='word_1_301' title='bbox 342 3796 404 3848; x_wconf 87' lang='lat' dir='ltr'><strong>VII.</strong></span> <span class='ocrx_word' id='word_1_302' title='bbox 425 3795 589 3868; x_wconf 86' lang='lat' dir='ltr'><strong>Scripulum.</strong></span> 
     </span>
     <span class='ocr_line' id='line_1_39' title="bbox 328 3883 541 3954; baseline 0.005 -15"><span class='ocrx_word' id='word_1_303' title='bbox 328 3885 403 3954; x_wconf 66' lang='lat' dir='ltr'><strong>vill.</strong></span> <span class='ocrx_word' id='word_1_304' title='bbox 424 3883 541 3940; x_wconf 84' lang='lat' dir='ltr'><strong>obulus.</strong></span> 
     </span>
     <span class='ocr_line' id='line_1_40' title="bbox 315 3970 538 4045; baseline -0.018 -17"><span class='ocrx_word' id='word_1_305' title='bbox 315 3973 405 4028; x_wconf 91' lang='lat' dir='ltr'><strong>VIIII.</strong></span> <span class='ocrx_word' id='word_1_306' title='bbox 425 3970 538 4045; x_wconf 81' lang='lat' dir='ltr'><strong>Siliqua.</strong></span> 
     </span>
    </p>
   </div>
   <div class='ocr_carea' id='block_1_14' title="bbox 0 0 1471 4814">
    <p class='ocr_par' dir='ltr' id='par_1_19' title="bbox 0 0 1471 4814">
     <span class='ocr_line' id='line_1_41' title="bbox 0 0 1471 4814; baseline 0 0"><span class='ocrx_word' id='word_1_307' title='bbox 0 0 1471 4814; x_wconf 95' lang='lat' dir='ltr'><strong> </strong></span> 
     </span>
    </p>
   </div>
  </div>
 </body>
</html>
