2950 4810
735 281 771 324 tv

662 347 846 362 Μ

205 457 288 542 que
314 411 575 508 venerandae
600 421 855 536 antiquitatis
875 430 1158 512 monumentis
1186 456 1298 512 sum-

203 593 272 646 ma
295 590 390 645 cura
409 555 508 642 inde
529 557 667 662 erutis,
683 554 796 672 (vid.⁸
813 571 971 647 Wiener
988 571 1125 646 Jahrb.
1145 572 1219 647 der
1235 576 1299 647 tt.

202 721 321 782 terat.
346 721 435 778 tom.
463 702 614 780 XXVI.
636 705 947 800 Anzeige-Blatt
967 731 1061 805 pag.
1082 697 1297 808 20—58)

203 828 550 931 celebratissimis,
570 826 724 939 quibus
746 825 909 912 Italicae
928 829 1129 942 imprimis
1141 829 1299 916 Biblio-

201 967 345 1050 thecae
368 983 583 1076 tantopere
610 959 878 1074 superbiunt,
902 959 1131 1048 Codicibus
1149 964 1297 1077 palim-

201 1098 371 1214 psestis,
387 1099 477 1210 jure
495 1097 644 1180 m'erito
665 1127 775 1181 nunc
795 1097 1100 1210 aequiparetur.
1151 1143 1156 1150 ·
1194 1114 1197 1122 ‘

209 1273 223 1282 ··
288 1233 431 1346 Atque
450 1255 497 1314 ut
517 1229 689 1350 deipsis
709 1229 805 1334 illis,
823 1259 931 1343 quae
953 1232 994 1316 in
1009 1231 1215 1345 rescriptis
1233 1232 1298 1316 his

145 1401 148 1406 ·
201 1363 370 1452 Codicis
390 1365 521 1449 nostri
539 1363 648 1449 foliis
659 1363 972 1470 delitescebant,
990 1389 1206 1452 auctorum
1226 1394 1297 1450 ve·

201 1525 336 1613 tetum
356 1499 607 1611 fragmentis,
631 1500 838 1610 variisque
860 1499 1237 1586 Grammaticorum
1257 1523 1299 1584 et

202 1631 371 1720 Patrum
390 1631 613 1747 opusculis,
635 1661 743 1744 quae
764 1662 788 1714 a
808 1634 1027 1718 recentiori
1045 1635 1242 1748 scriptura
1254 1635 1298 1718 in

203 1767 361 1866 Codice
388 1767 588 1851 Bobiensi
612 1767 837 1871 habentur,
862 1790 1168 1873 taceamusrue
1190 1769 1298 1853 scili·

199 1929 286 2008 cet,
317 1901 370 1985 de
400 1900 608 2014 prioribus
631 1897 803 2013 quidem
823 1925 919 2014 post
939 1899 1297 2007 Eichenfeldium,
1391 1895 1398 1908 ⁴
1472 1892 1473 1936 ³

200 2035 254 2120 de
274 2033 577 2151 posterioribus
595 2065 695 2118 vero
713 2058 809 2147 post
818 2035 1052 2140 Denisium,
1064 2037 1174 2120 viros
1185 2064 1298 2122 sum-

176 2157 304 2275 mos,
326 2169 575 2274 scribentes,
595 2167 723 2254 Iliada
743 2193 840 2284 post
857 2169 1091 2254 Homerum
1115 2168 1296 2262 condere

198 2302 651 2390 videamuccdicamus
683 2301 736 2386 de
757 2303 874 2387 binis
893 2305 956 2388 his
977 2304 1176 2416 Prisciani
1195 2304 1296 2390 Car·

197 2439 381 2524 minibus
392 2503 404 2544 ,
424 2467 532 2552 quae
551 2419 632 2521 hoc
650 2435 795 2520 libello
815 2435 1007 2521 eduntur.

286 2586 478 2658 Prisciani
496 2581 662 2654 Carmen
691 2578 742 2652 de
762 2579 882 2654 laude
901 2582 1101 2656 Anastncii
1119 2580 1298 2680 Impera·

198 2722 320 2804 toris,
341 2709 448 2790 hanc
470 2707 579 2789 enim
602 2690 911 2816 inscriptionem
934 2707 978 2790 in
993 2706 1130 2804 ,fronte
1150 2705 1294 2792 carmi-

197 2843 261 2926 nis
283 2840 412 2926 nostri
433 2840 631 2952 legimuS,
654 2838 832 2924 habetur
852 2841 895 2924 iu
920 2837 1077 2925 Codice
1095 2838 1295 2930 Bobiensi
1321 2879 1324 2884 <

198 3007 220 3060 a
239 2987 322 3086 fol.
348 2982 419 3060 50.-
448 2981 630 3064 ,recmtd
643 2985 727 3085 fol.
754 2980 807 3059 52
841 3010 963 3070 veru,
997 2998 1038 3058 et
1066 2973 1293 3062 absolvitur

68 3213 72 3222 ι
195 3107 636 3224 praefationejat'ubica
656 3110 800 3222 viginti
823 3133 864 3192 et
883 3106 1065 3194 duorum
1084 3133 1292 3212 versuum,

198 3267 238 3330 et
261 3239 702 3328 tercentis'duo'decim
723 3245 983 3329 hexametris.

242 3377 477 3463 --Meminit
497 3361 686 3462 carminis
710 3380 831 3492 hujus
848 3387 1097 3466 Mabiilonins
1129 3393 1167 3464 in
1181 3395 1290 3467 Mne.

198 3525 282 3600 ital.
299 3539 407 3623 part.
430 3518 574 3623 Lpagi
601 3543 681 3599 110
699 3579 710 3617 ,
730 3517 803 3628 qui
821 3543 930 3599 anno
953 3517 1062 3600 1685
1089 3512 1291 3600 Codicem

197 3645 639 3760 nostrumNeapoli„in
655 3647 913 3733 Bibliotheca
931 3649 1173 3734 Monasterii
1185 3648 1289 3734 Ord.

199 3782 257 3866 St.
278 3783 406 3892 Aug.,
437 3780 494 3864 St.
514 3779 686 3867 Joannis
715 3781 767 3866 de
800 3783 1053 3868 Carbonaria
1074 3780 1196 3886 dicti,
1216 3781 1291 3864 ubi

198 3939 297 4000 tunc
314 3914 621 4024 asservabatur,
651 3916 787 4002 obiter
812 3920 1065 4031 inspexerat,
1092 3942 1134 4004 et
1156 3947 1178 4000 e
1199 3916 1289 4002 Ma-
