2950 4810
762 273 836 328 xxss

711 349 892 366 ..ιι-...-

253 429 357 512 ciani
380 426 613 537 Periegesin
637 420 775 510 eidem
803 426 958 518 auctori
987 424 1083 512 ficto
1104 423 1375 550 adscriben-

254 561 352 650 dam
374 583 580 672 putarunt.

175 702 176 710 '
356 695 404 783 lu
435 691 608 780 edendis
631 691 797 778 duobus
830 693 916 776 istis
952 693 1214 818 carminibus
1256 697 1371 782 haec

253 831 476 945 praecipua
499 829 562 913 lex
586 821 672 914 erat
695 849 736 910 et
757 855 845 910 esse
872 823 1073 931 debebat,
1105 858 1160 914 ne
1194 831 1370 917 scilicet

197 1031 204 1052 .
255 967 352 1048 citra
372 991 576 1045 summam
605 961 889 1045 necessitatem
920 984 960 1046 et
987 962 1151 1046 nonnisi
1174 963 1224 1048 in
1256 966 1368 1051 locis

256 1095 470 1184 manifeste
495 1097 738 1210 corruptisa
765 1092 933 1180 Codicis
950 1094 1169 1182 Bobiensis
1196 1128 1253 1184 ea
1279 1100 1367 1184 lec·
1453 1099 1454 1172 ἶ

257 1233 392 1332 tione,
416 1253 541 1342 quarn
563 1231 706 1314 iterata
723 1229 863 1312 multis
880 1229 1038 1314 vicibus
1057 1233 1146 1342 ejusv
1161 1236 1366 1346 collatio-

256 1395 310 1450 ne
330 1363 464 1477 probe
494 1385 752 1476 perspectam
777 1361 999 1466 haberem,
1020 1362 1300 1479 recederem,
1323 1395 1365 1454 et

150 1479 153 1498 ⁴
258 1499 391 1584 sicubi
413 1522 520 1586 esset
546 1494 851 1594 recedendum,
885 1494 930 1580 id
949 1495 1219 1586 adnotaretur
1254 1501 1365 1588 fide·
1446 1509 1455 1602 'J

257 1635 362 1718 liter.
391 1635 454 1718 Ac
481 1634 523 1716 iu
553 1643 735 1718 Carmine
764 1620 938 1741 quidem
966 1641 1017 1716 de
1038 1643 1157 1718 laude
1177 1645 1362 1722 Anarta-
1456 1655 1457 1682 ¹

258 1784 328 1868 rit,
352 1768 550 1879 scriptura
569 1761 737 1849 Codicis
764 1787 849 1847 tam
880 1788 941 1850 est
960 1763 1202 1874 emendata,
1224 1787 1276 1856 ut
1295 1773 1362 1858 vix

258 1903 389 1986 tribus
418 1920 647 2012 quatuorve
676 1898 724 1990 in,
750 1896 850 1982 locis
887 1928 911 1983 a
941 1896 1105 1984 Codice
1130 1899 1361 1990 disceden-
1456 1891 1457 1966 Γ

260 2035 363 2119 dum
382 2034 525 2133 fuerit,
543 2033 586 2117 iu
613 2030 793 2114 carmine
819 2041 1023 2120 autemde
1046 2045 1290 2140 ponderibus
1320 2065 1359 2122 er

261 2181 501 2264 mensurira
526 2165 659 2278 prima
684 2193 812 2250 mauu
845 2162 953 2252 adeo
983 2192 1193 2281 corrupta,
1228 2199 1277 2256 ut
1306 2175 1358 2256 si·
1445 2165 1457 2174 ”

260 2334 314 2388 ne
333 2296 671 2388 emendationum
699 2298 858 2382 illarum
884 2303 1062 2412 quaein
1086 2300 1247 2392 Codice
1276 2308 1358 2392 Bo·

260 2436 396 2522 biensi
427 2464 451 2518 a
477 2431 658 2519 secunda
678 2455 719 2517 et
740 2435 857 2516 tertia
874 2464 1001 2520 manu
1022 2459 1069 2520 ut
1085 2433 1268 2523 diximus
1284 2442 1356 2523 ha·

177 2575 183 2590 '
260 2571 436 2672 beetur,
454 2569 714 2686 aliorumque
734 2566 901 2677 iusuper
922 2565 1148 2674 Codicum,
1172 2603 1354 2685 quarum

260 2703 459 2820 lectiones
486 2702 631 2784 Petrus
661 2701 919 2784 Burmannus
950 2702 1148 2812 vulgavit,
1174 2704 1354 2792 admini-

264 2837 378 2939 culo,
404 2837 469 2922 vix
491 2859 616 2948 atque
633 2863 686 2916 ne
707 2831 970 2945 sicquidem.
987 2836 1030 2920 in
1056 2836 1260 2948 integrum
1291 2871 1352 2924 re·

261 2972 375 3058 stitui
396 2971 618 3083 potuissem
638 2988 850 3060 uttaceam
872 2997 956 3052 non
978 2967 1238 3058 obstantibus
1251 2974 1350 3076 istie,

262 3102 429 3202 dnobus
460 3105 529 3200 aut
548 3101 678 3188 tribus
697 3102 740 3185 in
761 3101 861 3185 iocis
882 3103 1114 3213 conjectura
1132 3107 1282 3211 critica,
1302 3135 1349 3197 ea
1442 3211 1443 3222 Ν

264 3262 402 3330 tamen
422 3238 519 3323 satis
537 3234 763 3350 probabili,
786 3261 890 3348 opus
912 3233 1047 3322 fuisse.

352 3385 520 3456 Carmen
548 3380 598 3455 de
619 3379 801 3456 leudibus
820 3383 1041 3465 Anarrasti,
1068 3377 1345 3480 παράλληλον

266 3504 457 3592 Orationi
488 3505 759 3616 Panegyricae
789 3503 983 3616 Procopii·
1010 3502 1226 3616 Sophistae
1264 3504 1345 3589 Ga·

267 3639 355 3722 zaei
386 3638 681 3727 aViiloisonio
712 3669 735 3722 e
763 3634 920 3724 Codice
950 3637 1159 3732 Marciano
1189 3635 1344 3739 editae,

268 3773 562 3864 commentario
574 3772 765 3857 historico
775 3771 985 3874 illustravi,
997 3781 1237 3880 Carminiude
1252 3805 1344 3880 port·

268 3916 423 3992 derebus
436 3934 474 3992 er
494 3921 680 3992 mensuris
695 3907 880 4020 priorum
897 3903 1102 3992 editorum
1121 3929 1239 3991 notas
1260 3933 1343 3991 om-
