2950 4810
695 281 740 354 69

628 372 813 387 Ἥ

171 445 261 505 «ἀίῑας
278 447 308 500 in
327 447 497 518 magistratus
512 443 607 498 habitu
623 443 705 499 urbes
723 447 776 510 iis,
795 447 843 519 qui
854 448 985 520 pecunias
1000 446 1080 514 dare,
1098 447 1219 502 vicissim
1234 457 1263 500 et

171 535 312 606 “accipere
329 537 447 598 scirent,
465 552 521 588 non
544 535 580 587 iis
606 535 654 607 qui
670 533 741 589 bene
764 536 853 589 faeere
868 544 1000 607 possent,
1018 534 1262 608 peregrinabantur

170 623 271 692 “igitur
284 640 338 674 una
356 643 419 676 cum
431 621 562 686 urbibus,
581 631 610 676 et
623 621 655 674 id
666 623 695 678 iu
713 621 791 693 eujus
810 623 891 677 finem
908 623 1020 678 aderant
1037 623 1261 694 negotiabantur,

169 717 215 768 “et
231 729 247 761 e
263 701 400 762 communi
416 710 565 765 calamitate
585 713 758 781 magistratus
777 711 941 764 ditabantur.
960 711 1000 763 Ex
1018 731 1071 786 quo
1087 721 1177 764 autem
1192 721 1261 764 tem-

168 816 252 868 «pore
267 796 349 850 urbes
363 809 470 852 nostrae
488 808 535 851 tuo
557 808 626 851 nutu
651 801 838 863 sustinentur,
863 801 1057 868 cognovimus,
1076 796 1261 852 insatiabilem

168 887 362 956 “pecuniarum
377 887 573 958 cupiditatem,
593 906 660 959 quae
674 887 806 957 justitiam
820 885 853 939 ab
865 885 1006 940 bominum
1024 896 1098 938 arcet
1111 887 1261 948 consortio,

167 974 328 1046 “omniaque
344 975 452 1028 vincere
469 993 552 1046 posse
568 973 730 1039 videbatur,
750 973 913 1048 quandoque
932 977 1075 1048 inopinata
1099 973 1175 1026 clade
1190 973 1261 1027 affici

167 1079 280 1132 «posse,
298 1059 364 1114 licet
386 1081 467 1134 saepe
480 1071 593 1134 propter
616 1082 674 1114 enm
696 1073 773 1134 pater
789 1063 889 1134 prodat
904 1063 1005 1127 filium,
1025 1073 1052 1115 et
1071 1081 1140 1115 uxor
1156 1063 1261 1125 virum,

166 1157 265 1220 «atque
281 1148 399 1203 familiae
414 1150 544 1204 adversus
561 1153 720 1204 seinvicem
736 1160 880 1204 armentur.
900 1151 941 1202 Te
956 1171 1020 1206 vero
1036 1153 1064 1204 in
1084 1149 1153 1206 solia
1169 1151 1260 1202 oonsi-

166 1235 283 1299 „dente,
302 1247 363 1290 ante
377 1239 472 1292 oculos
488 1233 657 1310 institisset
680 1247 808 1310 tanquam
830 1257 860 1290 ea
882 1239 942 1310 ipsa
956 1237 1087 1302 vidente,
1107 1239 1141 1292 de
1159 1241 1259 1291 suturis

166 1323 324 1406 «judicibus¹
339 1327 394 1379 fers
413 1325 561 1391 calculum,
580 1336 681 1402 tuaque
703 1325 812 1397 eligitur
837 1329 986 1390 sententia,
1004 1346 1060 1386 non
1083 1347 1177 1380 aurum
1192 1346 1259 1398 pro·

166 1411 301 1471 ,tendens
310 1413 445 1480 manibus,
455 1415 504 1467 sed
515 1414 590 1468 dives
604 1417 713 1476 virtute,
733 1423 761 1465 et
775 1409 899 1466 homines
915 1413 1009 1472 felices
1026 1414 1142 1468 reddere
1158 1416 1258 1468 sciens.

166 1499 325 1570 “Lysander
337 1511 435 1566 autem,
455 1505 507 1555 etsi
526 1512 599 1556 esset
615 1503 779 1573 Spartanus,
800 1511 827 1554 et
843 1499 878 1554 ob
895 1521 1044 1574 nupernam
1055 1504 1196 1554 dertonam
1214 1520 1259 1554 su-

166 1586 322 1664 «perbiret,
341 1589 471 1662 operibus
489 1593 545 1644 suis
562 1593 686 1662 Spartam
709 1589 896 1657 inficiabatur3
915 1592 945 1642 in
963 1592 1168 1660 magistratuum
1186 1592 1259 1642 enim

166 1673 317 1735 «electione
334 1696 390 1730 non
407 1679 499 1732 debite
511 1679 676 1752 procedens,
686 1678 769 1731 caede
780 1687 807 1729 et
822 1677 1030 1731 conturbatione
1048 1676 1164 1748 replevit
1173 1677 1259 1730 Grae-

165 1765 269 1827 «ciam,
287 1773 315 1818 et
334 1768 415 1820 unius
429 1770 564 1821 sententia
580 1753 705 1820 infeli'ees
721 1766 844 1820 redditae
859 1776 924 1819 sunt
935 1765 1043 1819 urbes.»
1077 1830 1081 1842 .

235 1851 313 1905 Vers.
334 1857 498 1917 solt—205.
518 1857 651 1928 Apposite
674 1853 799 1907 adhunc
820 1851 912 1906 locum
934 1853 1010 1906 idem
1029 1855 1178 1925 Procopius
1198 1855 1257 1906 Ga·

163 1960 247 1991 auersa
263 1959 306 2010 op.
321 1947 365 1993 eis.
380 1957 443 1996 rom.
457 1947 496 1996 ΙΙ.
508 1965 573 2016 pag.
588 1951 623 2006 54
646 1942 681 1995 de
698 1942 814 1995 urbibus
829 1940 957 1994 adversus
975 1939 1151 1994 barbarorum
1165 1942 1258 1992 incur-

163 2029 256 2080 siones
271 2030 396 2092 munitis,
414 2039 525 2104 totaque
538 2031 636 2085 militia
651 2031 771 2084 Romana
785 2031 818 2082 ab
835 2031 976 2082 Anastasio
994 2028 1196 2103 quodammodo
1215 2048 1257 2080 re·

164 2131 307 2201 generata,
325 2123 430 2197 inquit:
459 2130 530 2188 «καὶ
549 2127 653 2198 τείρη,
676 2126 713 2182 τό
730 2125 787 2204 μὲν
809 2127 1002 2204 γεγηρακότα
1021 2127 1138 2182 reddes·
1165 2121 1258 2180 τόδὲ

167 2231 239 2287 «νῦν
257 2230 380 2298 πρῶτον
394 2221 571 2283 ἀνίσταται·
587 2228 640 2284 καὶ
652 2231 861 2304 σωφρονοῦσιν
877 2224 908 2281 αἱ
919 2225 1038 2294 πόλεις,
1047 2223 1169 2304 deposita)
1185 2225 1256 2282 κόσ-

167 2348 241 2402 “pov
258 2326 502 2402 ἐπιδεικνύμεναι
524 2332 588 2386 τοῖς
608 2325 790 2402 βαρβάροις·
813 2325 944 2404 φρούρια
967 2328 1001 2385 δὲ
1026 2333 1181 2402 πανταροῦ
1194 2331 1258 2384 τῶν

167 2431 335 2505 «ὑπηκόων
350 2427 579 2506 προβέβληται,
596 2434 649 2492 καὶ
667 2433 865 2503 στρατιωτῶν
879 2425 990 2506 ἡλικίᾳ
1004 2427 1091 2505 ῥώμη
1107 2431 1161 2487 καὶ
1180 2431 1257 2503 πλη·

166 2539 232 2594 «Sea
256 2531 551 2613 συμπεφραγμένων·
576 2529 682 2603 ἄνδρες
701 2529 782 2610 ἄκρη
797 2528 939 2600 Ξὲοντες,
954 2534 1007 2589 καὶ
1031 2529 1200 2606 βλέποντές
1225 2553 1254 2590 τι

166 2635 337 2706 «νεανικόν,
352 2637 405 2692 καὶ
423 2630 467 2690 ὡς
483 2632 661 2709 όνὍμηρος
677 2621 744 2693 εἶπε
764 2638 964 2706 «θεράποντες
978 2629 1108 2708 Ἄρηος.»
1128 2637 1185 2706 erip
1197 2629 1255 2692 ὥσ·

165 2755 241 2811 «περ
258 2738 365 2811 πρώην
382 2731 540 2804 ἀσθενεῖς,
557 2738 610 2795 καὶ
628 2737 833 2816 γεγηρακότες
851 2730 882 2794 ἐν
900 2741 966 2793 τοῖς
982 2740 1111 2806 δεινοῖς,
1126 2737 1254 2809 ὑπότρο-

164 2860 253 2916 «μοι,
270 2840 323 2896 καὶ
339 2839 404 2914 pes·
422 2836 508 2914 ἡμῶν
525 2839 674 2907 δεδιότες,
700 2842 824 2896 aulacia
846 2840 999 2898 aearum
1018 2844 1141 2916 μᾶλλον
1155 2839 1254 2914 δεόμε-

164 2957 257 3003 uror.»
285 2943 374 3003 «Muri
397 2942 507 3017 quidem
528 2951 662 2996 vetustate
685 2941 801 3014 collapsi
824 2943 1022 3014 juvenescunt,
1048 2941 1095 2996 alii
1109 2960 1182 2994 nune
1195 2944 1253 3013 pri,

163 3057 253 3097 «mum
267 3047 429 3109 exsurgunt,
448 3048 476 3091 et
489 3037 575 3090 laetae
599 3048 665 3090 sunt
684 3041 766 3092 urbes
787 3047 877 3092 tutum
900 3049 1025 3092 ornatum
1040 3037 1251 3110 praetendentes

162 3125 308 3187 «barbaris.
327 3127 411 3178 Aroes
426 3145 490 3180 vero
503 3124 606 3199 ubique
618 3125 738 3179 subditis
754 3124 958 3198 propugnacula
968 3111 1045 3190 sunt,
1063 3127 1182 3181 munitae
1198 3127 1251 3177 mi«
1279 3128 1282 3134 '

162 3213 258 3274 «litum
270 3213 384 3283 juvenili
398 3213 496 3267 robore
513 3223 541 3266 et
560 3216 655 3286 copia;
674 3216 726 3268 viri
741 3213 807 3267 ssore
822 3215 918 3274 aetatis
934 3215 1087 3277 ferventes,
1106 3222 1133 3265 et
1146 3211 1251 3283 juveni·

161 3301 202 3365 ale
219 3301 287 3375 quid
301 3303 456 3366 referentes,
468 3312 495 3355 et
510 3300 738 3375 quemadmodum
753 3302 887 3355 Homerus
900 3303 1007 3376 inquit:
1029 3303 1162 3362 «ministri
1177 3301 1250 3354 Mar-

161 3392 246 3456 «tisp’
266 3409 322 3444 non
341 3393 413 3444 sicut
429 3409 518 3462 nuper
533 3388 675 3453 imbelles,
694 3399 721 3444 et
739 3392 768 3442 in
785 3389 917 3462 periculis
934 3400 1020 3443 aetate
1040 3391 1175 3454 coniecti,
1194 3399 1250 3442 tre-

161 3477 239 3550 ,pidi
258 3487 291 3540 et,
301 3477 445 3532 nobiscum
458 3487 621 3540 metuentes,
631 3487 658 3530 et
669 3479 724 3550 ipsi
739 3477 882 3532 defensore
896 3478 1077 3548 indigentes.»
1098 3478 1158 3532 Huc
1168 3479 1250 3530 etiam

157 3567 247 3619 facere
262 3565 371 3621 videtur
385 3569 547 3640 epigramma
563 3568 682 3618 auctoris
699 3568 797 3618 incerti
815 3587 829 3618 a
851 3568 987 3618 Salmasio
1002 3567 1039 3618 ad
1053 3566 1114 3620 hist.
1129 3567 1247 3638 August.

156 3658 251 3726 script.
264 3668 327 3708 tona.
337 3657 361 3708 I.
372 3677 437 3728 pag.
446 3661 479 3713 83
495 3654 608 3716 editum,
618 3663 645 3705 et
660 3675 675 3706 a
690 3657 796 3708 Reiakio
810 3653 959 3725 Autlolog.
975 3657 1101 3726 pagafiflrt
1116 3667 1143 3708 et
1157 3655 1247 3708 Brun*

159 3744 216 3796 elsio
231 3747 260 3796 in
276 3747 392 3797 analect·
405 3765 497 3817 graec.
512 3757 575 3797 tom.
588 3745 643 3796 III.
660 3763 724 3816 pag.
742 3746 794 3816 276
810 3743 972 3814 repetitume

261 3849 337 3916 «Eis
353 3854 468 3930 βίβλον
486 3857 646 3913 τακτικῶν
666 3853 840 3927 Οὐρβεκίου
859 3849 919 3909 dard
934 3853 1072 3912 berissae.

260 3956 397 4034 «Τέρπεό
412 3979 463 4037 ραι
483 3945 642 4034 κρατερῶν
660 3961 804 4034 καμάτων
822 3951 1107 4038 ἓηκόρονιβὲβλῳ,
