2908 4814
662 283 729 355 13⁵

146 453 265 516 stantiis,
272 449 344 506 libra
355 453 414 505 auri
423 459 452 506 et
458 447 529 506 libra
545 452 651 522 argenti
666 451 749 523 puri,
761 449 806 508 rel
820 452 996 524 imponantur
1008 445 1135 506 lauoihui
1149 467 1248 526 aequa·

145 541 229 608 libus.
243 540 376 615 Utraque¹
388 541 418 598 in
431 558 528 614 aquam
548 540 693 606 immersa,
710 537 902 614 aequilibrium
917 538 1089 605 turbabitur,
1109 551 1137 596 et
1154 561 1249 595 aarum

145 631 175 689 iu
191 649 261 702 aqna
271 627 520 702 praeponderbbit,
539 629 604 702 quie
616 629 751 682 minorem
763 628 897 702 ponderis
911 628 1122 684 diminutionem
1135 623 1249 702 patitur.

145 715 261 772 Braebio
270 757 279 783 ,
298 737 369 792 equo
382 726 523 790 argentum
536 735 701 789 suspensum
719 724 778 782 est,
797 726 904 772 tantum
917 717 1053 791 ponderis
1069 719 1201 784 iddatur,
1219 721 1250 773 in

145 815 250 879 puncto
266 808 456 879 suspensionis
463 791 550 862 laneis
559 805 604 864 vel
612 808 727 878 argenti,
742 815 874 880 ventum
886 805 924 865 ad
939 808 1140 866 restituendum
1155 810 1250 882 aequi-

145 895 259 949 librium
279 897 352 950 inter
372 904 516 968 utramque
532 913 649 948 massam
666 896 833 968 requiritur,
851 894 927 969 quod
948 915 1013 967 engo
1030 883 1114 955 5'Dr.
1137 904 1172 970 14
1189 897 1251 958 Sar,

146 985 306 1057 reperietur.
325 983 379 1039 Vel
393 986 474 1038 etiam
486 984 637 1057 accipiatur
647 983 758 1056 pondus
775 984 858 1038 unius
876 982 1036 1050 drachmae,
1060 994 1089 1040 et
1108 995 1252 1059 quaeratur
1360 1033 1365 1038 ,

146 1075 176 1126 in
192 1071 305 1126 brachio
322 1072 443 1144 longiori
458 1081 574 1140 staterae
588 1070 740 1137 Romanae,
759 1091 774 1134 e
792 1093 846 1146 quo
864 1083 1006 1144 argeutum
1027 1091 1193 1146 suspensum
1208 1092 1251 1127 es-

148 1179 178 1214 se
196 1179 289 1234 pono,
307 1170 442 1236 punctum
460 1157 548 1225 illud,
567 1179 582 1212 e
604 1179 658 1234 quo
683 1159 794 1232 pondus
813 1158 867 1216 boc
885 1180 1050 1233 suspensum
1068 1163 1153 1216 situm
1167 1160 1252 1216 libra-

149 1254 207 1300 tum
219 1248 277 1322 jugi
291 1249 409 1303 reducit.
428 1249 609 1322 Comparetur
622 1248 752 1308 distantia
759 1247 840 1320 hujus
847 1252 946 1322 puncti
961 1249 995 1304 ab
1012 1269 1060 1304 axe
1070 1271 1133 1306 cum
1148 1251 1253 1306 distau-

149 1335 187 1387 tia
203 1339 302 1408 puncti
315 1339 509 1410 suspensionis
524 1356 583 1390 auu
575 1334 643 1391 vel
657 1338 762 1408 argenti
779 1337 813 1390 ab
831 1338 930 1394 ecdem
946 1358 1011 1404 axe,
1030 1349 1112 1412 atque
1127 1341 1252 1394 innotes-

149 1433 194 1476 cet
208 1444 337 1478 excessus
346 1426 479 1498 ponderas
488 1424 522 1480 ab
534 1434 646 1497 argento
663 1425 946 1492 amissi,1nreuietur
962 1445 1062 1497 nempe
1078 1427 1132 1478 ista
1149 1426 1254 1480 distan-

149 1514 187 1564 tia
203 1493 239 1586 3,
222 1513 359 1567 vicibus
375 1515 475 1586 major,
495 1533 577 1588 quam
589 1513 674 1578 baec,
694 1533 763 1588 quae
786 1523 891 1586 puncto
918 1515 1109 1586 suspensionis
1132 1517 1194 1620 aursi
1211 1514 1255 1570 vel

149 1602 257 1672 argenti
273 1600 376 1658 tributa
393 1611 443 1656 est.
462 1601 535 1670 Hipc
548 1621 676 1656 excessus
684 1602 819 1676 pendens
834 1601 870 1656 ab
885 1611 998 1718 argento
1013 1603 1135 1656 admisu
1151 1584 1189 1674 5}
1171 1603 1254 1656 Dr.

150 1690 309 1746 sivebDr.
323 1690 435 1764 nssscr.
455 1690 608 1760 Kaisar..

222 1777 301 1832 Vers.
322 1782 381 1842 146.
400 1779 484 1832 Sume
509 1779 624 1842 debinc,
650 1778 721 1838 cod.
746 1777 815 1834 Bob.
831 1777 960 1834 Edd.
976 1780 1060 1836 Sume
1077 1779 1155 1842 bine,
1181 1778 1252 1834 Cod.

153 1867 303 1948 liegiu.-
322 1871 513 1920 mixtaest—
529 1871 657 1931 mutuat,
676 1867 748 1923 cod.
762 1867 832 1922 Beb.
824 1887 900 1940 .per
914 1869 1021 1926 cresim.
1075 1907 1078 1918 .

223 1953 302 2008 Vere.
323 1964 383 2030 149.
401 1974 455 2025 par
473 1957 601 2026 pondus,
627 1955 701 2010 Edd.
728 1953 767 2029 pl.
785 1985 822 2000 —
838 1976 904 2028 para
922 1956 1049 2030 pondus,
1065 1953 1137 2010 Cotb
1154 1953 1223 2008 Bab.
1243 1976 1259 2008 a

152 2060 194 2112 pr.
209 2060 246 2094 m.
265 2041 344 2096 seda
360 2051 462 2098 recent.
480 2065 494 2096 ι
510 2045 539 2098 in
559 2065 625 2118 pars
640 2054 745 2118 puncto
764 2053 896 2100 notatum.
915 2076 953 2088 -
968 2065 1018 2116 per
1033 2045 1158 2116 pondus,
1181 2043 1255 2097 Edd.

155 2129 254 2184 Venet.
272 2129 350 2202 Lips.
449 2169 451 2176 .

224 2222 363 2292 itemque,
376 2217 450 2272 Edd.
469 2221 664 2291 -idemque,
683 2219 754 2274 Cod.
777 2218 847 2280 Bob.
866 2239 892 2276 a
903 2239 946 2292 pr.
967 2237 1003 2274 m.
1023 2217 1073 2278 sed
1085 2237 1128 2274 ·ex
1150 2219 1258 2274 emend.

156 2324 211 2358 sec.
228 2315 332 2378 recept.

226 2393 306 2446 Vers.
327 2397 386 2452 150
406 2399 578 2464 impositum,
589 2393 662 2448 Edd.
681 2425 717 2436 -
735 2398 880 2465 imposuit,
898 2393 969 2446 Cod.
981 2393 1052 2448 Bob
1071 2411 1144 2467 apr.
1160 2413 1196 2448 m.
1210 2401 1260 2451 im·

154 2486 286 2554 posuitis,
305 2500 338 2535 ex
354 2480 461 2536 emend.
479 2500 534 2535 sec.
551 2482 602 2534 sed
618 2502 650 2535 ex
667 2481 774 2542 emend.
791 2491 854 2535 tert.
871 2490 1005 2554 recept.

163 2575 167 2582 '
227 2583 338 2644 specta,
353 2569 427 2623 Edd.
442 2565 481 2643 pl.
498 2567 569 2625 cod.
592 2569 660 2624 Bob.
678 2589 693 2624 a
708 2578 770 2626 tert.
787 2588 1056 2642 men.1nmarg.-
1071 2583 1168 2648 petua,
1187 2570 1258 2626 cod.

157 2657 225 2712 Bob.
245 2677 318 2731 apr.
333 2676 369 2710 m.
388 2687 424 2700 —
442 2672 580 2736 exspecto,
600 2657 690 2712 Codd.
708 2659 804 2730 Regin.
826 2659 855 2714 S.
874 2657 966 2713 Germ.
982 2657 1057 2720 Edd
1070 2658 1169 2734 Venet.
1181 2657 1260 2732 Lips.
1299 2720 1301 2728 Ι

228 2746 308 2801 vers.
329 2749 388 2802 151.
406 2749 532 2802 subsistet
544 2767 632 2809 emm
648 2737 721 2800 Edd.
738 2745 832 2818 pl.-
849 2749 899 2798 rub
916 2752 996 2822 aquis
1009 2747 1087 2820 ¹,fiet
1103 2729 1174 2801 Cod.
1191 2745 1260 2799 Bab.

158 2825 231 2888 Edd.
250 2835 383 2888 Caesar.'
374 2853 405 2888 ιιι
418 2853 500 2905 marg.
509 2832 581 2887 Pitb.
591 2835 680 2891 Rivin.
692 2865 726 2879 ·-
734 2835 832 2888 Lectio
843 2826 913 2887 Cod.
923 2833 992 2888 Bob.
1002 2833 1138 2910 glossema
1146 2831 1260 2911 redolet.

230 2925 354 2986 docebit,
367 2921 441 2976 Edd.
458 2955 495 2966 -
512 2925 635 2985 docebis,
652 2921 723 2977 Cod.
741 2922 809 2976 Bob.

230 3013 308 3065 Vers.
330 3016 390 3068 152.
409 3013 598 3083 superabitur,
615 3010 741 3064 Edd-
708 3013 900 3083 -superabit
922 3025 968 3075 ut,
991 3008 1061 3064 Co'd.
1087 3010 1155 3064 Bob.
1181 3030 1261 3082 apr.

159 3127 195 3161 m.
217 3105 268 3160 sed
284 3125 317 3160 ex
334 3105 455 3160 emend.
452 3113 524 3161 tert.
550 3115 652 3180 recept.
669 3105 765 3160 addito
787 3106 822 3159 ad
837 3107 977 3210 superabit
994 3104 1089 3178 sigla
1102 3123 1153 3168 ur,
1170 3114 1197 3159 et
1216 3110 1262 3162 ιῶ
1375 3117 1382 3136 ·

163 3216 193 3256 ut
208 3185 319 3274 punctis
337 3211 442 3258 notato.
981 3211 984 3218 ’

233 3291 311 3344 Vers.
332 3298 391 3348 153.
417 3294 569 3345 Dicemus
559 3309 654 3352 inesse
667 3291 708 3344 sic
724 3287 795 3344 Cod.
812 3289 879 3343 Bab.
891 3287 965 3342 Edd.
985 3306 1058 3344 omn.
1078 3287 1200 3341 Omnino
1220 3281 1261 3340 le-

163 3378 283 3450 gendum
299 3377 415 3433 arbitror
426 3381 567 3442 discemus,
581 3377 657 3452 quod
664 3379 748 3431 mi-ror
762 3375 872 3430 nullam
881 3365 1033 3431 editionum
1047 3384 1169 3432 veterum
1183 3395 1262 3449 prae·

162 3471 249 3531 serre,
268 3475 414 3540 utsupra,
432 3485 502 3521 vers.
519 3469 562 3530 84.
581 3468 710 3520 discenda
726 3480 781 3528 est,
799 3463 989 3520 exhibuerunt.
1008 3461 1172 3520 Wnarrsui

170 3559 174 3572 '
233 3555 331 3608 Dicere
346 3556 417 3609 euim
432 3566 459 3609 et
479 3557 580 3608 discere
601 3573 682 3628 saepe
700 3563 801 3608 mutata
819 3553 883 3609 vide
897 3555 926 3607 iu
940 3553 1090 3630 Antbolog.
1108 3545 1204 3610 burm.
1225 3553 1261 3610 V.

165 3657 219 3716 epr.
238 3648 297 3708 143
317 3662 358 3697 1.:

261 3732 350 3804 Q,uis
368 3729 509 3787 volucrum
519 3734 635 3810 species
654 3729 794 3796 numeret,
814 3729 875 3807 quis
894 3719 1004 3786 uomina
1022 3734 1125 3786 discat»

165 3818 214 3872 uba
228 3817 287 3873 vult
303 3821 385 3873 dicat
405 3802 577 3874 Lauaiar.

236 3905 314 3960 Vers.
336 3913 395 3972 154.
415 3907 518 3961 Sensus
533 3918 591 3962 est.
610 3909 782 3980 Argentum'
774 3926 803 3962 ιιι
818 3927 906 3964 massa
921 3887 1081 3970 commixta,
1101 3913 1129 3957 et
1144 3912 1263 3957 tantum-

168 3995 230 4049 dem
252 3997 282 4050 in
305 4013 393 4050 massa
409 4003 534 4068 argentea
550 4017 617 4071 parra
627 4037 633 4062 ,
653 3996 725 4051 idem
742 3996 852 4071 pondus
869 3996 922 4074 snb.
940 4016 1008 4071 aqua
1027 3995 1170 4056 amittunt,
1188 3990 1262 4044 unde
