2950 4810
691 323 771 391 47·

179 483 286 564 «ἡμῖν’
304 481 378 542 ἀλλ’
394 483 465 542 οὐδὲ
484 485 548 542 τοῖς
561 483 639 561 μετά
654 487 761 557 ταῦτα,
781 487 924 561 πονηροῖς
939 481 1077 564 γενέσθαι
1096 486 1189 542 πάλιν
1200 476 1264 542 ἐπί·

177 589 325 667 irps-tas·
342 592 426 648 πάσα
440 587 498 667 γάρ
512 589 582 662 περὶ
597 585 710 644 τούτου
729 587 896 666 συγγραφή,
913 585 1008 660 πυρός
1024 579 1112 665 ἔργον
1128 577 1263 666 ἐγένετο·

176 693 249 752 «καὶ
266 691 342 768 μετά
358 693 422 748 τῶν
440 688 637 764 λυπούντων,
650 687 670 766 ή
684 689 804 748 τούτων
820 687 963 764 ἀνῄρηται
975 687 1082 766 μνήμη.
1096 693 1192 746 ταῦτα
1206 689 1265 768 γάρ

173 789 392 866 «προσέταττες
419 783 523 865 ὥσπερ
542 787 654 867 ΙΤδρας
668 792 807 870 κεφαλὰς
830 789 988 863 ἐκκαίειν,
1014 788 1098 848 ὅπως
1110 793 1153 868 μή
1170 795 1265 850 πόλιν

172 891 319 968 ,dotem
338 893 392 953 τόν
407 893 461 952 σύν
473 883 629 969 Ἠρακλέα
640 893 830 971 μιμούμενος.
848 923 891 940 -
910 894 1016 969 πρώην
1027 893 1083 971 μὲν
1110 887 1165 951 ούν
1182 891 1263 970 Ἀρι-

172 995 310 1069 «στείδης
324 998 383 1054 ούκ
402 993 552 1056 είωθότας
570 997 683 1074 φόρους
700 1001 793 1056 rddere
817 1002 882 1054 τοῖς
893 985 1050 1072 Ἕλλησι,
1068 987 1112 1052 ὥς
1134 1017 1164 1054 τι
1184 989 1264 1075 μίγα

173 1100 412 1172 «κατορθώσας,
428 1101 484 1174 τήν
498 1103 555 1156 τού
569 1098 692 1155 δικαίου
715 1098 919 1179 προσηγορίαν
942 1096 1109 1179 ἠνέγκατο·
1130 1101 1184 1157 καὶ
1209 1099 1264 1157 τόν

171 1197 377 1292 «Ἀριστείδην
393 1221 440 1259 τις
461 1197 579 1273 εἰπὼν,
602 1205 724 1259 πάντως
747 1200 919 1274 προσετίθει
941 1200 995 1259 τὸν
1020 1189 1150 1261 δίκαιον.
1176 1201 1212 1258 σι)
1230 1201 1263 1259 δὲ

171 1303 305 1382 «φόρους
321 1301 405 1360 ούτω
419 1307 586 1382 μεγάλους,
600 1295 703 1376 ὥσπερ
718 1301 857 1378 Ἐριννύν
877 1323 944 1360 τινα
958 1306 1065 1378 κοινήν
1077 1302 1264 1382 μεταστήσω

169 1407 252 1466 «τῶν
261 1405 423 1482 ὑπηκόων,
434 1405 515 1464 τίνος
529 1402 566 1464 όν
579 1401 710 1464 εἰκότως
724 1406 829 1478 τύροις
843 1405 1186 1484 προσηγορίοςςμικρὸν
1205 1405 1264 1486 γάρ

170 1505 265 1579 «πρός
281 1511 379 1564 ταῦτα
395 1512 450 1565 καὶ
466 1507 669 1584 Ἀριστείδης,
685 1509 739 1579 καὶ
757 1507 989 1583 Πεισίστρατος,
1008 1499 1039 1566 ἓν
1057 1501 1103 1564 οἷς
1117 1505 1263 1581 ἑκάτερος

170 1601 393 1684 ,ἕθαυμάέετο·
414 1606 447 1666 ὅς
462 1613 593 1688 δεκάτην
609 1614 673 1668 τῶν
692 1603 728 1668 ἐκ
747 1614 800 1685 τῆς
820 1613 926 1684 μοίρας
942 1607 1131 1689 γενομένων,
1150 1611 1262 1688 φόρους

169 1714 282 1774 «τάξας
306 1715 371 1768 τοῖς
389 1711 582 1787 Ἀθηναίοις,
606 1711 711 1787 ἐπειδή
737 1712 818 1785 παρά
834 1712 888 1770 τόν
902 1696 1050 1788 ’Τμηττόν
1072 1713 1263 1789 διερμόμενος

169 1813 347 1886 «Ἀττικόν,
362 1799 424 1871 εἶδε
439 1813 610 1891 πρεσβύτην
624 1813 736 1888 πέτραν
756 1806 972 1893 ἔργαὲόμενον,
986 1816 1041 1872 καί
1059 1817 1124 1872 τοῖς
1134 1815 1263 1892 μόρθοις

170 1914 397 1991 ιάπειρηκότα,
417 1914 584 1990 πέπονθεν,
604 1913 648 1974 ὡς
662 1912 758 1990 είκός,
776 1912 825 1972 ἔπ’
839 1919 942 1996 αὐτῷ·
962 1918 1016 1974 καί
1037 1914 1165 1994 πὲμήας,
1181 1915 1260 1991 ήρώ·

167 2039 225 2082 «τα
238 2018 323 2077 τίνας
339 2020 425 2098 αύτῷ
442 2022 582 2095 καρπούς
601 2017 620 2095 ή
647 2017 741 2094 πέτρα
760 2018 899 2095 κομίέοι·
926 2017 943 2076 ό
966 2020 1016 2092 δὲ,
1035 2019 1089 2075 καί
1107 2017 1179 2076 λίαν
1197 2036 1260 2075 στε-

167 2124 291 2192 «veras,
310 2117 455 2181 «ὀδύνας»
476 2113 545 2200 ἔφη,
569 2124 640 2182 «καί
655 2125 766 2180 κακῶν
781 2126 914 2198 πλῆθος·
932 2124 985 2179 καὶ
1004 2119 1125 2179 τούτων
1143 2121 1197 2196 τήν
1215 2124 1260 2178 δε-

167 2228 284 2298 «κάτην
303 2226 349 2280 δεῖ
365 2219 504 2301 γενέσθαι
520 2227 566 2300 τῷ
584 2227 810 2298 Πεισιστράτῳ»
832 2211 910 2297 εἷπε,
928 2227 1069 2300 παρεῖναι
1088 2221 1140 2280 τόν
1154 2221 1259 2296 τύραν·

168 2345 239 2386 «νον
257 2307 393 2404 ἀγνοῶν·
410 2327 463 2381 καὶ
481 2321 525 2381 είς
545 2324 760 2398 Πεισίστρατον
777 2313 872 2400 ήλθεν
892 2323 1026 2404 όλόγος.
1042 2328 1096 2383 καί
1105 2327 1260 2400 θαυμάσας

169 2419 304 2487 «ἐκεῖνος
321 2431 374 2502 τῆς
389 2428 571 2502 καρτερίας,
586 2421 665 2506 με’γα
688 2446 719 2482 τι
739 2425 875 2502 νομίέων
890 2429 1073 2501 δωρεῖσθαι,
1092 2411 1187 2502 ἀτελή
1205 2427 1261 2503 τήν

167 2525 299 2605 «πέτραν
314 2528 413 2606 όρήκε
430 2533 475 2608 τῷ
493 2534 641 2610 γεωργῷ·
660 2529 735 2601 καὶ,
754 2525 798 2584 ὡς
812 2523 856 2586 είς
867 2529 985 2606 μνήμην
1005 2528 1128 2605 ἀρετῆς,
1151 2529 1260 2586 ἀτελὲς

165 2625 220 2694 «ἕὲ
236 2630 359 2690 ἐκείνου
378 2631 412 2689 τό
426 2631 545 2705 μωρίον
562 2624 786 2708 ε’πωνοράὲετο.
803 2629 887 2687 ἀλλὰ
904 2631 933 2688 τί
948 2653 1002 2709 μοι
1026 2629 1128 2712 λέγειν
1144 2623 1259 2707 ε’πήλθε

165 2734 400 2808 «Πεισίστρατον
416 2735 470 2789 καῖ
488 2731 661 2815 πρεσβύτην
679 2727 752 2805 ἕνα,
771 2736 824 2790 καὶ
842 2734 987 2806 δυστυρὲς
1002 2717 1106 2792 ἐκεῖνό
1117 2734 1257 2809 ρωρίον,

164 2837 259 2911 «πρὸς
268 2839 392 2893 πάντων
402 2835 553 2910 ὑπηκόων
563 2817 760 2908 ἐλευθερίανι
776 2832 847 2893 ὅθεν
857 2839 910 2892 καί
928 2838 991 2895 τιῖιν
1007 2834 1172 2909 βανάοσων
1188 2830 1258 2892 ἕκα-

164 2919 252 3001 «cros
270 2935 340 3011 παρ’
357 2929 484 2993 ε’λπίδας
501 2939 658 3010 εύτνρῶν,
675 2940 728 2994 καί
746 2938 881 3017 γεωργὸς
892 2940 961 3012 περὶ
975 2937 1029 2995 τὰς
1046 2938 1187 3014 ἀρούρας,
1202 2959 1257 2994 πα·

162 3041 332 3119 «ραμνθίαν
351 3043 415 3097 τῶν
431 3040 554 3113 πόνων,
570 3037 635 3096 ύδει
657 3041 694 3097 τά
712 3039 784 3103 σάι»
809 3041 927 3100 «Verum
945 3050 1092 3114 postquam
1114 3058 1199 3092 unum
1217 3037 1256 3092 al-

161 3147 299 3197 «terumve
317 3135 383 3200 dini,
403 3135 478 3210 quod
495 3153 666 3190 communem
683 3144 709 3187 et
723 3135 904 3190 universalem
920 3135 1130 3188 beneficentiam
1143 3135 1256 3200 attinet,

161 3223 230 3294 «jam
248 3221 283 3274 ad
296 3242 334 3286 ea,
348 3243 416 3297 quae
432 3222 580 3296 specialem
596 3225 731 3296 principis
745 3221 941 3276 humanitatem
957 3232 1135 3287 concernunt,
1155 3225 1256 3277 oratio-

161 3329 241 3373 «ποια
249 3321 411 3365 convertam.
422 3311 506 3366 Scitis
515 3313 606 3382 igitur,
615 3331 666 3364 nec
683 3314 826 3385 quisquam
837 3309 906 3364 mihi
915 3312 1092 3384 perturbetur
1097 3313 1196 3375 animo,
1205 3312 1256 3364 tri-

160 3397 274 3461 ,butum
281 3396 392 3470 aliquod
400 3397 554 3464 molestum,
570 3408 705 3473 tamquam
721 3398 838 3472 aliquam
851 3397 970 3452 cladium
986 3409 1061 3453 certo
1071 3409 1194 3472 tempore
1210 3419 1254 3452 re·

160 3486 352 3563 «currentium,
367 3485 522 3542 civitatibus
535 3489 695 3560 impositum
708 3487 804 3554 fuisse,
824 3486 899 3561 quod
914 3508 965 3562 per
981 3506 1074 3541 omnes
1086 3487 1252 3552 ambulabat,

161 3583 346 3648 ,praetextum
358 3573 461 3645 justum
474 3593 530 3628 non
545 3573 658 3639 habens,
666 3594 766 3654 ¹nomen
776 3585 865 3628 nutem
879 3574 975 3630 infelix
982 3573 1113 3640 subditis,
1122 3595 1216 3629 aurum
1226 3584 1254 3629 et

160 3670 319 3734 ,argentum
331 3663 365 3713 in
380 3681 460 3715 unam
469 3663 646 3734 conjunctum
661 3662 906 3736 compellationem.
926 3663 1029 3718 Omnes
1047 3667 1120 3716 enim
1128 3662 1253 3718 homines

160 3750 357 3822 «operamque,
366 3751 584 3823 quotidianarum
592 3755 787 3804 necessitatum
803 3752 906 3824 indigi,
926 3761 954 3804 et
967 3753 1093 3806 manibus
1108 3754 1165 3806 suis
1175 3769 1253 3824 spem

160 3839 246 3898 «vitae
266 3855 375 3892 omnem
387 3849 584 3910 promerentes,
603 3840 712 3893 sudoris
726 3850 754 3895 et
768 3840 939 3894 infelicitatis
954 3838 1023 3894 hanc
1032 3839 1186 3894 mercedem
1195 3837 1251 3892 sol·

161 3924 292 3989 avebant,
315 3944 383 4000 quae
400 3928 524 4000 ipsorum
547 3929 672 3982 sinistrae
695 3930 819 3982 fortunae
835 3928 994 3983 addebatur.
1016 3926 1151 3984 Gemebat
1164 3943 1251 4000 penes

160 4011 285 4075 «arbores
302 4012 434 4086 agricola,
454 4013 559 4088 duplici
572 4015 722 4070 calamitate
737 4036 902 4090 oppressus,
921 4036 1035 4090 corpore
1058 4034 1156 4086 nempe
1172 4013 1251 4068 labo-
