2950 4810
610 247 794 398 ..ng

155 480 282 535 «psoras
299 455 461 539 ἐπιθυμίαι
477 459 609 535 sparsis.
631 456 676 518 ὡς
693 459 784 519 κενὰς
802 455 942 522 ἐντεῦθεν
955 464 1092 544 γενέσθαι
1112 471 1248 526 καταλό-

153 587 238 648 «γων
254 567 308 624 riis
328 557 493 640 irrupsisse,
509 567 563 622 arui
581 561 657 639 arpis
679 565 715 621 ri
739 561 1009 638 &piscaritiam
1033 577 1249 648 καταπεπλῆφ·

151 675 223 730 «θαι
242 669 315 726 roais
330 665 448 742 ἄνδρας.
465 665 602 748 οὐδὲγὰρ
619 663 729 724 ὅπλοις
742 667 815 724 τοὺς
829 660 970 728 e'rriovras
986 669 1162 746 βαρβάρους
1176 673 1247 751 ἠμύ-

151 791 260 841 «νιτο,
275 767 361 828 ἀλλὰ
371 769 505 847 χρήμασι
520 771 575 845 τὴν
591 765 711 846 εἰρήνην
733 761 940 848 ἓᾶωιούμινος
957 770 1115 833 διετέλει.»
1142 777 1246 850 «Magi-

148 877 268 927 «stratus
285 866 397 941 quidem
418 885 512 920 omues
535 867 626 938 pretio
647 865 794 929 venditos,
812 869 941 940 pessimis
961 871 1026 922 viris
1047 875 1201 936 concessit,
1221 882 1248 926 et

148 953 328 1028 «inexplebili
342 955 454 1008 avaritia
468 951 593 1025 flagrans,
611 955 767 1026 provincias
782 953 947 1008 militaribus
962 956 1109 1029 praesidiis
1124 959 1247 1023 nudavit,

147 1042 235 1103 «adeo
251 1044 334 1096 utrei
346 1043 467 1096 novitate
485 1050 513 1094 et
529 1049 641 1114 stupore
660 1059 754 1094 omnes
769 1041 992 1114 percellerentur.
1010 1045 1107 1119 Neque
1117 1049 1190 1099 enim
1203 1048 1247 1100 in-

148 1149 263 1190 ,cursus
279 1129 453 1184 barbarorum
471 1131 552 1182 armis
568 1127 729 1192 coercebat,
748 1129 798 1182 sed
821 1150 917 1202 pacem
934 1131 1044 1186 assidue
1067 1137 1158 1206 pretio
1173 1135 1247 1188 redi-

147 1217 282 1278 ,mebat’
304 1218 444 1292 Quasdam
461 1217 575 1272 omentis
592 1218 748 1290 provincias
764 1218 910 1290 praesidiis
925 1230 953 1274 et
967 1223 1144 1276 munimentis
1159 1223 1247 1277 nuda-

147 1317 223 1372 «tas,
241 1326 257 1359 a
274 1304 417 1361 Saracenis
436 1304 559 1377 direptas
581 1305 685 1369 fuisse,
703 1307 795 1358 innuit
815 1304 927 1380 quidem
949 1309 1098 1380 Procopius
1119 1313 1249 1386 Gazpeue

145 1416 191 1467 op.
206 1399 250 1448 oie.
264 1414 329 1467 pag.
344 1401 379 1452 33
395 1393 453 1448 vid;
466 1394 536 1446 infra
553 1391 589 1446 ud
602 1411 671 1470 vegs.
688 1398 846 1456 254—260
862 1394 912 1448 sed
927 1393 972 1448 his
990 1396 1072 1468 paulo
1092 1409 1158 1470 post
1172 1397 1245 1452 saln-

146 1493 233 1536 taram
262 1482 398 1536 medelam
424 1479 521 1533 tulisse
537 1481 725 1545 Anmtasium,
743 1481 860 1534 eundem
882 1483 1049 1556 Procopium
1070 1487 1089 1540 l.
1113 1505 1177 1538 mox
1197 1490 1245 1541 cit.

143 1569 349 1644 praedicantem
365 1567 536 1636 audivimus3
556 1568 590 1621 de
605 1587 673 1640 pace
689 1577 782 1622 autem
804 1588 819 1621 a
841 1568 964 1623 barbaris
981 1590 1046 1625 auro
1067 1572 1188 1626 redemta
1204 1575 1246 1628 nil

143 1657 225 1730 plane
236 1666 351 1712 constat.
371 1658 439 1736 Rem
450 1656 569 1728 pessime
585 1654 702 1730 explicat
712 1659 840 1712 Valesius
852 1658 890 1710 ad
901 1659 1016 1730 Evagrii
1029 1663 1048 1712 1.
1065 1679 1087 1712 e.
1102 1681 1167 1732 pag.
1181 1665 1244 1736 378,

142 1750 224 1818 putat
238 1747 311 1798 enim
323 1746 510 1807 Anastasium,
530 1763 592 1796 cum
604 1753 678 1796 esset
689 1745 718 1795 in
738 1743 879 1816 republica
894 1745 1011 1816 gerenda
1027 1747 1240 1819 providentissi-

143 1851 205 1885 mus
215 1867 230 1898 ,·
243 1852 308 1885 auro
323 1851 419 1904 pacem
435 1851 451 1884 a
466 1829 590 1884 barbaris
607 1831 740 1885 redimere
761 1831 907 1896 maluisse,
926 1853 1007 1906 quam
1024 1837 1140 1908 ancipiti
1158 1847 1244 1890 marte

143 1941 206 1974 cum
222 1923 260 1973 eis
276 1918 439 1991 confligere3
460 1918 536 1992 quod
553 1921 657 1972 cumei
673 1939 706 1972 ex
719 1929 784 1974 voto
799 1920 976 1985 succederet,
995 1921 1125 1976 militares
1149 1932 1257 1977 nume-¹

143 2025 190 2062 ros
207 2008 395 2073 imminuisse,
415 2009 518 2081 quippe
532 2007 632 2081 quibus
647 2026 716 2080 opus
732 2026 788 2062 non
810 2005 938 2074 haberet,
963 2028 1026 2062 cum
1050 2010 1158 2065 barliari
1180 2033 1245 2068 auro

143 2095 253 2150 deliniti
269 2115 366 2168 pacem
380 2104 530 2150 servarent:
552 2105 580 2148 et
595 2095 751 2168 legionibus
769 2098 898 2150 Romanis
911 2095 957 2149 ·ad
977 2105 1034 2150 tam
1051 2101 1177 2171 exiguum
1193 2119 1245 2154 nu-

142 2203 248 2237 merum
264 2182 400 2246 redactis‚
418 2181 489 2236 nihil
504 2200 618 2236 necesse
634 2185 737 2248 luisse,
756 2193 800 2238 tot
817 2185 924 2256 species
948 2189 1110 2241 annonarias
1131 2191 1162 2241 in
1180 2188 1244 2244 lior-

143 2292 188 2326 rea
203 2271 315 2344 publica
330 2289 492 2341 congerere,
511 2271 596 2322 satius
615 2289 678 2342 ergo
700 2271 839 2342 judicasse
861 2275 1050 2340 Anastasium,
1068 2295 1119 2348 pro
1139 2297 1246 2332 annona

142 2361 275 2432 pecunias
289 2379 303 2412 a
318 2356 535 2431 provincialibus
551 2359 677 2429 exigere,
696 2357 796 2432 quibus
813 2378 909 2430 pacem
924 2379 938 2413 a
953 2358 1076 2415 barbaris
1089 2364 1244 2418 redimeret.

143 2447 263 2501 -Bella
276 2466 318 2498 me
328 2443 446 2499 Hercule
462 2444 626 2518 explicatio!
647 2455 674 2499 et
688 2445 835 2519 prudentia
851 2447 881 2499 iu
896 2447 1022 2519 principe
1040 2467 1072 2501 ex
1086 2460 1178 2504 mente
1194 2450 1246 2505 bo-
1321 2476 1325 2493 ·

143 2537 174 2588 ni
189 2533 293 2589 valesii
314 2552 454 2608 nunquam
478 2535 545 2586 satis
568 2532 712 2587 laudanda.
731 2532 822 2587 Doleo
841 2543 931 2587 tamen
944 2542 1035 2587 tantae
1047 2536 1244 2592 moderationis

142 2623 253 2677 landem
269 2628 299 2676 iu
313 2623 486 2676 Anastasinm
499 2631 624 2675 uostrsrm
640 2622 752 2674 minime
767 2621 880 2689 cadere;
900 2623 924 2675 si
940 2622 1053 2698 quidem
1060 2625 1245 2696 imprudentia

145 2722 174 2766 et
196 2713 349 2764 temeritate
371 2712 493 2764 Romano
515 2710 680 2782 imperatore
701 2709 782 2782 plane
808 2710 905 2782 digna,
930 2709 1061 2766 barbaros
1082 2711 1185 2787 ubique
1202 2735 1245 2768 re-

142 2801 263 2873 pressit,
282 2796 365 2851 urbes
389 2796 604 2870 propugnaculis
625 2798 759 2862 munivit,
782 2797 909 2851 militiam
926 2800 1090 2864 Romanam,
1115 2810 1202 2855 aetate
1217 2812 1245 2856 et

74 2909 77 2916 ⁴
144 2886 227 2940 bellis
245 2886 415 2950 confectam,
434 2886 554 2938 tironum
569 2886 635 2938 sorti
648 2903 761 2938 numero
771 2887 947 2958 regeneravit,
961 2895 1042 2960 atque
1060 2887 1166 2942 Cabadi
1179 2891 1259 2960 Per·,

145 2993 236 3029 sarum
251 2972 389 3045 principi,
408 2991 471 3024 cum
490 2975 635 3046 pecuniam
654 2973 688 3026 ab
713 2993 745 3028 eo
768 2972 933 3044 flagitasset,
958 2975 1120 3047 respoudit:
1140 2977 1165 3028 si
1183 2996 1244 3029 mu-

144 3071 219 3116 tuam
234 3059 334 3124 vallet,
353 3061 507 3113 mationem
530 3061 677 3126 scriberet,
702 3063 745 3115 sin
768 3063 875 3130 minus;
902 3059 972 3113 nihil
996 3080 1026 3115 se
1048 3062 1189 3130 daturum3
1216 3073 1244 3117 et

144 3148 195 3202 ubi
207 3131 346 3202 numerata
363 3150 421 3202 auri
436 3149 586 3222 quantitate
601 3168 714 3222 pacem,
732 3167 767 3201 ne
786 3148 876 3201 dicam
899 3139 927 3201 et
950 3149 1059 3220 imperii
1082 3150 1243 3222 dignitatem

146 3255 251 3290 servare
266 3238 412 3308 potuisset,
427 3237 576 3308 ancipitem
590 3234 658 3289 belli
672 3239 809 3289 fortunam
825 3237 942 3308 experiri
954 3234 1058 3290 maluit
1080 3240 1112 3293 V
1109 3240 1144 3290 id.
1154 3240 1243 3293 Theo-
1328 3229 1331 3236 ¹

144 3325 262 3399 pirenem
275 3345 340 3397 pag.
359 3334 409 3388 124
426 3338 453 3378 et
476 3324 649 3378 Theodorum
670 3326 810 3378 Lectorem
822 3325 882 3378 tiss.
900 3327 992 3378 eccles.
1007 3327 1082 3379 Libr.
1097 3328 1137 3378 II.
1156 3347 1183 3382 n.
1197 3334 1241 3386 52,

144 3415 208 3468 edit.
226 3417 270 3467 cit.
292 3427 354 3466 tom.
369 3414 426 3465 111.
439 3432 506 3485 pag·
524 3416 576 3470 ⁵82
591 3425 618 3464 et
629 3413 744 3465 Josuam
759 3413 885 3484 Stylitem
904 3414 980 3485 apud
995 3413 1175 3467 Assemanunr
1191 3417 1240 3469 Bi·

145 3501 238 3555 bliotlr.
255 3505 349 3554 orient.
365 3514 430 3554 tom.
443 3503 467 3553 1.
484 3520 549 3573 pag.
562 3503 624 3557 265.
643 3500 685 3552 De
701 3497 816 3552 urbibus
827 3519 879 3574 per
901 3502 986 3553 varias
1009 3502 1164 3572 provincias
1182 3521 1242 3556 mu·

144 3591 230 3654 uitis,
248 3588 304 3642 rid.
315 3589 479 3660 Hocopium
498 3589 609 3643 Caesar.
634 3589 668 3641 de
691 3591 760 3642 bello
781 3609 850 3660 pers.
871 3591 945 3644 Libr.
963 3589 986 3640 I.
1003 3578 1063 3662 cap.
1080 3612 1104 3664 7.
1124 3611 1190 3664 pag.
1206 3609 1240 3650 22

145 3693 171 3733 et
187 3697 297 3751 capro·
311 3697 378 3750 pag·
388 3692 423 3752 29
437 3678 471 3730 de
487 3678 570 3747 aedis.
585 3678 659 3730 Libr.
669 3677 708 3729 ΙΙ.
719 3697 778 3747 cap.
797 3697 821 3733 1·
838 3695 903 3758 pag·
919 3680 955 3734 28
968 3689 995 3730 et
1010 3698 1070 3749 cap.
1082 3684 1108 3735 5.
1121 3699 1187 3752 pag.
1196 3686 1240 3754 59.
1292 3693 1294 3700 ’

215 3801 295 3856 Vers.
315 3803 477 3873 aeli-217.
497 3799 610 3872 imperii
625 3801 711 3853 varias
724 3800 898 3872 provincias,
918 3798 1033 3853 diversis
1057 3800 1109 3853 snb
1126 3802 1240 3854 Anasta-

146 3890 187 3942 sio
203 3888 374 3962 temporibus
396 3889 466 3941 same
490 3889 575 3942 fuisse
593 3887 706 3942 afflictas
727 3889 793 3943 varii
816 3889 966 3960 scriptores
981 3897 1134 3953 testantur,
1153 3908 1238 3964 eaque

146 3979 300 4050 gravissima
322 3977 408 4031 luisse
436 3976 559 4042 ridetur,
587 3975 664 4046 cujus
689 3977 815 4029 meminit
839 3975 874 4028 ad
902 3993 1004 4032 annum
1029 3977 1164 4032 Anastasii
1183 3996 1239 4032 un·
