2950 4810
732 267 795 315 m

219 411 415 524 Dionysii
430 441 580 525 magna
597 411 766 498 licentia
781 391 874 500 esse
889 444 1147 518 conversam,
1166 415 1317 504 eruditi

219 548 305 632 fere
332 548 620 652 consentiunt,
647 549 852 662 imprimis
878 551 987 635 inter
1017 576 1198 665 quatuor
1221 553 1318 638 illos

217 711 386 770 versus:

264 939 271 954 .
305 885 464 951 «Naturae
486 885 632 968 genitor,
654 907 737 969 quae
757 883 919 948 muudum
941 887 1085 950 continet
1107 909 1261 965 omnem,

306 984 466 1061 «Adnue,
489 1009 544 1050 rex
565 987 665 1062 caeli,
687 987 830 1071 positum
851 988 971 1052 telluris
994 1001 1025 1050 et
1045 989 1175 1066 undae,

308 1091 368 1154 «In
389 1112 469 1174 quas
493 1090 667 1172 imperium
687 1091 877 1154 mortalibus
897 1092 967 1174 ipse
989 1091 1123 1168 dedisti,

305 1193 479 1257 «Materiae
500 1206 604 1255 uotae
624 1215 678 1256 me
698 1215 849 1278 promere
870 1195 1012 1258 carmine
1034 1194 1175 1277 digno,·

217 1393 326 1478 quos
345 1365 577 1450 Priscianus
598 1365 769 1478 reliquis
794 1397 818 1450 e
841 1365 1037 1475 Dionysii
1057 1365 1262 1450 translatis
1293 1398 1318 1450 e

217 1529 294 1584 suo
313 1495 497 1625 praellffp·⁸
522 1502 713 1610 ingenio,
740 1523 782 1584 et
805 1529 969 1584 carmen
992 1523 1179 1586 nostrum
1192 1565 1205 1605 ,
1228 1531 1316 1584 nou

218 1634 363 1744 exigua
392 1620 489 1743 styli
517 1633 693 1717 affinitas
716 1630 994 1739 intercedere,
1029 1635 1134 1717 mihi
1167 1633 1315 1718 saltem

215 1765 394 1850 videtur.
831 1842 842 1863 ,

303 1905 532 1985 Auctorem
551 1881 741 1986 nostrum
761 1929 807 1984 se
826 1899 1016 2014 pluribus
1026 1900 1069 1983 in
1079 1899 1183 1984 locis
1194 1899 1316 1984 Chri-

214 2037 396 2118 stianum
413 2032 527 2118 baud
545 2034 722 2119 obscure
743 2035 948 2148 profiteri,
977 2035 1192 2118 neminem
1217 2034 1315 2118 saci-

214 2168 255 2251 le
278 2167 491 2275 movebit3
510 2170 765 2255 Priscianum
783 2170 897 2253 enim
922 2170 1133 2252 ethnicum
1163 2168 1313 2273 luisse,

215 2301 347 2385 medii
383 2305 475 2387 aevi
509 2327 795 2388 commentum
826 2327 910 2407 est,
942 2304 1057 2415 cujus
1086 2303 1313 2413 originem,

215 2466 368 2550 nempe
387 2468 410 2520 e
430 2437 539 2522 libro
554 2438 721 2521 Juliano
739 2438 950 2550 inscripto,
962 2465 1090 2548 quem
1099 2436 1313 2520 lulianum

214 2573 460 2683 Apostatam
475 2571 579 2656 salso
598 2568 825 2655 credebaut
836 2631 850 2673 ‚
869 2573 952 2681 jam
970 2561 1194 2680 Anonymur
1213 2581 1312 2653 Mel·
1437 2593 1438 2600 ‘

214 2717 379 2790 liniensis
417 2715 633 2813 descript.
661 2717 795 2790 eccles.
826 2739 913 2813 oap-
940 2714 1097 2787 XVIII.
1128 2704 1313 2817 Scriptor

214 2837 377 2924 Saeculi
394 2839 491 2924 ΧΗ.
508 2838 643 2951 probe
659 2841 866 2952 cognitam
885 2836 1043 2920 babuit.

300 2975 448 3084 Longe
468 2971 547 3056 alia
565 3001 631 3056 res
649 2996 712 3057 est
738 2974 844 3056 circa
864 2985 1034 3057 Carmen
1054 2980 1107 3055 de
1123 2979 1310 3078 ponderi-

212 3118 286 3192 bus
306 3134 347 3191 et
364 3121 565 3195 mensoris.
586 3107 635 3192 ln
656 3103 816 3191 Codice
835 3105 1035 3190 Bobiensi
1057 3105 1190 3209 enim,
1217 3134 1312 3190 om-

213 3242 329 3326 nium
353 3265 462 3325 certe
479 3242 554 3354 qui
571 3238 706 3326 adhuc
723 3243 993 3324 innotuerunt
1005 3238 1308 3355 antiquissimo,

213 3399 355 3459 auctor
365 3377 554 3460 carminis
565 3378 686 3486 hujus
698 3407 781 3460 non
794 3377 1051 3480 nominatur3
1071 3371 1189 3457 deest
1199 3401 1309 3486 quo-

213 3540 298 3624 que
316 3513 528 3625 inscriptio
547 3511 588 3594 in
608 3508 717 3594 Cod.
739 3510 780 3592 S.
801 3508 1099 3612 Germaneusi,
1118 3529 1243 3621 atque
1262 3508 1307 3590 in
1391 3517 1395 3527 '

154 3669 159 3674 ·
214 3645 382 3728 vetustis
404 3645 556 3730 saeculi
571 3644 668 3729 XV.
686 3643 939 3729 editionibus
955 3645 1141 3729 Venetis.
1160 3641 1308 3728 Codex

212 3778 420 3864 Abbatiae
449 3778 731 3864 Morbacensis
767 3803 809 3865 et
839 3780 1068 3865 Vossianus
1098 3769 1305 3864 secundus

212 3909 495 4001 Bibliothecae
530 3912 739 4028 Lugduno
756 3963 775 3980 -
793 3915 995 4020 Batavae,
1032 3912 1160 3998 editio
1186 3939 1305 4024 prae·
