2950 4810
659 281 705 348 25

595 367 778 384 *—

122 465 214 520 «pere
231 455 263 500 et
279 445 375 498 efferre
386 443 492 506 solent,
510 450 538 496 et
555 439 722 495 horrendum
743 439 895 499 minantur,
913 439 1060 494 insolentia
1079 442 1230 494 vociferan-
1268 474 1270 478 -

123 545 200 596 «tes.
222 532 420 588 Mandatorum
436 531 670 602 imperatoriomm
691 548 706 582 ι
725 547 781 582 noa
803 526 1030 583 convenientibus
1044 527 1230 583 helliducibos

124 632 208 683 «erat
227 624 266 676 iis
282 617 429 674 multitudo
446 627 473 671 et
481 618 602 690 reliquus
611 621 770 689 apparatus,
789 623 816 670 et
828 635 877 689 spe
893 625 970 668 erant
982 613 1119 684 illustrem
1138 637 1232 690 quem·

125 709 307 772 «admodum
321 710 351 760 iu
370 725 452 760 scena
469 704 512 758 hic
526 715 639 778 repente
652 709 835 777 Agamemnon
852 722 911 757 esse
926 703 1043 768 videtur,
1056 703 1104 757 ille
1117 697 1231 760 achillis

126 800 304 869 «imaginem
318 795 480 868 praesefert,
498 792 567 846 alius
584 795 684 847 iterum
707 791 790 846 alium
811 793 1133 862 imitationeexprimere
1150 811 1231 847 cona-

128 896 210 948 «tur,
231 917 268 928 -
284 882 403 936 mendici
419 882 530 955 quidam
544 892 572 934 et
585 883 648 936 foco
669 890 808 948 carentes;
824 879 890 934 dein
913 881 975 932 linis
992 879 1105 934 dramati
1130 890 1158 934 et
1172 899 1232 934 sce·

128 994 187 1035 «na
205 971 389 1026 dissolvitur.»
409 972 565 1024 Isaurorum
581 969 703 1024 celeritas
720 967 871 1022 celebratur
892 971 921 1020 in
943 969 1133 1039 epigrammate
1145 972 1232 1026 veteri

132 1083 149 1115 a
167 1063 251 1116 Luca
266 1063 407 1114 Holstem'o
423 1063 451 1112 in
467 1063 537 1112 notis
553 1061 590 1112 ad
603 1059 773 1130 Stephanum
787 1059 970 1130 Byzantinum
987 1076 1052 1128 pag·
1073 1061 1123 1120 148
1139 1059 1232 1122 citato,

90 1181 93 1190 =
127 1148 184 1210 ubi
201 1169 297 1202 eorum
314 1149 433 1203 nominis
451 1147 519 1199 ratio
534 1144 601 1200 haec
618 1145 760 1200 redditur:

242 1241 366 1314 «αὔραις
381 1240 432 1298 i'cu
449 1236 590 1311 Sionem,
607 1237 678 1297 tarr
694 1241 793 1310 hepar
808 1235 921 1312 οὔνομα
936 1242 1046 1294 τοῦτο»

127 1347 271 1391 eteorum
285 1346 393 1391 mentes
410 1338 439 1388 iu
455 1335 628 1407 proverbium
644 1335 744 1388 abiisse
761 1334 902 1397 videntur,
921 1335 946 1386 si
970 1333 1081 1406 quidem
1099 1335 1229 1406 Synesr'us·
1326 1359 1330 1364 ·

128 1433 160 1480 a'n
180 1432 260 1498 epist.
277 1430 311 1488 48
325 1427 361 1477 ad
375 1427 565 1496 Pylaemenem
582 1427 645 1477 edit.
661 1426 755 1478 Petar.
774 1424 860 1474 Paris.
886 1425 952 1480 1655
968 1442 1032 1492 pag·
1051 1425 1099 1494 187
1117 1420 1229 1474 scribit:

132 1525 268 1582 «καλῶς
288 1514 445 1576 anastasis
470 1519 524 1592 τὴν
548 1510 677 1589 ἔχουσαν
701 1517 754 1574 τὸν
773 1511 904 1588 βασιλέα
922 1515 1015 1572 πόλιν
1033 1509 1230 1582 ἐπανελθὼν,

131 1618 183 1682 «εἰ
201 1621 259 1699 γὰρ
278 1618 405 1696 neiron
421 1618 564 1693 Ἰσαύρων
583 1618 683 1694 ὄρεσιν
698 1605 717 1693 ’ἡ
734 1615 833 1698 ἀγαθή
853 1633 900 1674 σοι
926 1619 1002 1692 ripa
1023 1619 1133 1692 συνῆν,
1156 1613 1229 1673 ἀλλ’

133 1717 241 1784 «ἔστιν
258 1722 383 1794 serapia
399 1721 479 1793 παρὰ
495 1722 548 1779 τὸν
566 1723 660 1780 τόπον
679 1716 890 1794 hanfamma.»
914 1721 1015 1795 «Quod
1029 1720 1065 1774 ad
1083 1723 1184 1792 regiam
1202 1729 1229 1772 te

133 1818 293 1876 «civitatem
307 1819 429 1881 confers,
443 1817 513 1870 bene
524 1819 607 1886 facis;
627 1819 735 1870 tametsi
750 1817 822 1869 enim
837 1815 880 1870 vel
894 1817 966 1868 inter
979 1817 1134 1870 Isaurorum
1151 1835 1228 1868 mou-

134 1913 199 1968 «tes
214 1906 343 1977 prospera
358 1907 465 1959 fortuna
479 1908 604 1968 utereris,
614 1903 791 1958 nihilominus
805 1903 922 1958 felicitas
936 1906 996 1978 ipsa
1005 1913 1120 1976 propter
1135 1902 1226 1958 lecum

133 1980 368 2051 «inl'elieior'estst³
391 1996 449 2063 Csr.
470 1995 550 2065 Casp.
565 1993 707 2048 Barthium
722 1995 759 2045 ad
775 1995 957 2045 Claudianum
978 1999 1006 2045 in
1020 1995 1134 2063 Eutrop.
1152 1993 1224 2044 Lihr.

133 2082 158 2132 I.
179 2101 246 2134 vers.
265 2097 324 2153 217.
1236 2071 1240 2090 ¹

167 2186 171 2194 ·
208 2169 285 2221 Vers.
308 2173 348 2226 18.
367 2168 431 2220 Vid.
445 2169 515 2220 infra
528 2167 647 2221 advers.
665 2170 793 2224 52-65.

211 2258 288 2309 Vers.
310 2277 350 2330 ¹9·
371 2255 577 2308 Tarasicodisae
601 2253 823 2309 Rusambladisae
842 2257 930 2309 Isauri
948 2253 1014 2319 filii,
1030 2256 1078 2330 qui
1096 2254 1226 2327 adoptato

130 2345 255 2396 Zenonis
268 2345 394 2405 nomine,
413 2351 474 2394 ante
489 2344 660 2398 Anastasium
676 2344 803 2396 Romanis
821 2344 972 2416 imperavit,
991 2352 1113 2414 tempora
1130 2345 1225 2414 tangit.

131 2429 201 2482 vid.
222 2432 374 2486 Candr'dum
388 2432 516 2484 [sautum
538 2422 613 2504 apuli
636 2433 763 2487 Photr'um
782 2433 840 2484 eod.
860 2453 893 2506 79
909 2433 971 2484 edit.
988 2433 1091 2486 Behher
1105 2433 1224 2484 Berolin.

133 2523 206 2581 1824
225 2540 290 2591 pag.
307 2524 342 2574 55
363 2531 390 2572 et
411 2519 586 2594 Ancnsmum
605 2522 639 2573 de
660 2533 728 2591 gest.
749 2521 841 2572 Cernt.
863 2540 928 2592 pag.
946 2527 1007 2592 477.
1034 2520 1138 2572 Zenoni
1162 2537 1228 2590 geas

130 2601 215 2669 haec,
235 2613 293 2658 tum
310 2603 345 2657 ob
363 2624 465 2674 genus,
484 2615 542 2658 tum
562 2607 597 2659 ob
616 2605 746 2659 auxilium
760 2609 790 2659 in
805 2606 880 2660 bello
895 2606 1024 2660 adversus
1040 2607 1168 2660 Verinam
1183 2625 1229 2660 so·

132 2712 212 2745 crum
233 2701 325 2763 gesto,
342 2692 414 2764 (vide
431 2695 591 2764 Procopium
607 2697 717 2748 Caesar.
735 2697 768 2749 de
787 2698 857 2748 bello
873 2700 976 2766 persico
994 2697 1067 2748 Lilrr.
1083 2697 1107 2748 Ι.
1124 2717 1183 2768 cap.
1203 2717 1227 2767 7.

133 2781 198 2833 edic.
210 2782 294 2832 Paris.
303 2801 366 2851 pag.
380 2785 437 2854 195·
450 2781 640 2854 Theophanem
648 2783 846 2854 chronograph.
857 2785 919 2852 edit.
928 2785 1015 2836 Paris.
1024 2805 1089 2854 pag.
1099 2787 1157 2846 106,
1170 2802 1227 2855 107·

132 2870 271 2922 Malelam
289 2869 430 2939 chronogr.
445 2871 518 2923 Libr.
534 2871 598 2924 XV.
607 2873 668 2924 edit.
686 2872 718 2925 V
715 2885 783 2924 enet.
796 2892 861 2944 pag.
872 2878 916 2934 55,
931 2871 978 2941 54)
998 2871 1148 2940 gratissima
1165 2871 1225 2921 fuit.

206 2957 284 3008 Vers.
303 2965 430 3029 2047.
449 2957 557 3011 isauros
576 2959 778 3030 et'provincias
788 2967 816 3011 et
830 2957 1003 3030 metropolim
1018 2960 1168 3030 imperante
1177 2958 1227 3010 Ze-

131 3061 207 3096 none
224 3043 359 3108 afflixisse,
375 3054 490 3098 constat.
515 3047 588 3099 Hinc
602 3044 685 3098 altero
701 3047 794 3100 statim
809 3047 919 3118 imperii
931 3047 1053 3100 suianno
1071 3043 1103 3098 ab
1114 3047 1228 3098 Anasta-

131 3139 176 3190 sio
203 3137 271 3196 «διὰ
287 3141 408 3196 πολλὰς
424 3137 569 3197 ἀτοπίας»
593 3140 644 3201 «ob
662 3141 779 3214 plurima
796 3139 898 3212 flagitia
907 3157 931 3206 ,¹³
947 3151 979 3195 ut
993 3145 1031 3196 ait
1049 3140 1226 3211 Theophanes

134 3231 203 3305 (vid.
217 3233 278 3285 infr.
294 3233 329 3286 ad
347 3255 413 3291 vers.
427 3237 567 3310 52—65·)
583 3250 609 3290 et
622 3237 780 3290 Theodorus
795 3239 893 3291 Lector
906 3239 980 3300 Libr.
996 3241 1035 3292 II.
1053 3240 1149 3311 Script.
1166 3238 1226 3290 hist.
1295 3245 1297 3258 “

133 3323 226 3375 eccles.
247 3311 309 3373 edit.
325 3328 369 3375 cis.
384 3337 447 3376 tom.
468 3325 523 3376 III.
542 3346 608 3396 pag.
629 3330 698 3398 572,
718 3344 750 3377 ex
765 3323 833 3376 urbe
850 3323 944 3394 ejecti;
965 3327 1223 3398 etEuagriusLibr.

133 3410 190 3462 III.
214 3429 279 3504 cap
300 3414 334 3466 55
351 3413 414 3465 edit.
434 3417 479 3465 cit
505 3427 569 3465 tom.
584 3414 640 3465 III.
661 3434 726 3484 pag.
742 3417 814 3486 369,
832 3415 921 3484 capita
940 3413 1039 3466 ducum
1055 3414 1227 3476 Isaurorum,

133 3515 204 3570 quae
217 3505 363 3570 postquam
377 3509 485 3570 gentem
499 3498 573 3552 bello
586 3510 742 3572 superasset
758 3501 934 3565 Anastasius,
953 3504 981 3554 in
998 3499 1131 3576 suburbio
1151 3502 1226 3555 Cou-

133 3589 351 3660 stantinopoleos
368 3613 501 3667 suspensa
517 3590 602 3648 fuisse
617 3604 721 3661 narrat3
744 3588 817 3668 «sicil
840 3591 936 3670 θέαμα
957 3599 1021 3653 sois
1047 3598 1225 3656 Bussuvsioss

137 3687 221 3753 «ἀνθ’
242 3679 287 3748 ὧν
311 3700 418 3754 κακῶς
435 3696 509 3770 πρὸς
526 3695 667 3772 Ζήνωνος
682 3700 736 3764 nul
751 3699 815 3756 τῶν
835 3695 984 3769 Ἰσαύρων
1002 3689 1221 3758 ἐπεπόνθεσαν»

137 3795 258 3858 «gratum
270 3791 457 3859 spectaculum
471 3794 628 3865 Byzantinis
647 3793 683 3848 ob
699 3793 785 3858 mola,
803 3787 872 3867 quae
888 3814 904 3848 a
919 3796 1029 3850 Zenone
1052 3805 1080 3850 et
1103 3793 1136 3849 ab
1149 3794 1227 3846 Isau-‘

138 3877 191 3934 «ris
207 3878 333 3948 perpessi
354 3879 671 3954 fuerautprpraebuisse
693 3882 770 3936 dicit.
790 3883 895 3936 Locum
918 3883 1077 3956 parallelum
1101 3886 1226 3950 Procopii

140 3963 253 4026 Gerasi,
269 3985 349 4036 quem
367 3965 400 4019 dc
414 3967 546 4023 trabibus
557 3970 686 4036 Seruitia,
702 3971 881 4026 Palaestinam
898 3972 1076 4035 vastantibus,
1091 3971 1225 4042 nuptialis
