2908 4814
645 252 648 254 *
680 272 865 376 nn...

328 435 433 494 «Samis
453 433 595 487 semissem
612 431 733 486 medium
752 431 818 485 dum
836 431 936 489 dividit
953 453 1049 488 assem.
1295 399 1304 464 l

323 524 398 583 «Nec
415 531 491 578 vacat
509 519 635 574 unciolae
652 519 771 574 mediam
787 523 930 576 sescuncia
945 521 1088 594 jungens.»

294 611 354 663 Huc
377 614 518 685 pertinent
541 611 624 662 etiam
646 610 787 662 notissimi
808 606 852 662 illi
871 613 983 666 Horatii
1006 630 1101 666 versus
1124 613 1157 666 da
1179 626 1232 668 art.
1247 629 1322 686 poen

224 720 291 754 vers.
309 705 362 757 325
375 721 449 775 seqq.

322 788 454 848 ..Romani
469 787 550 858 pueri
566 783 657 856 longis
675 785 827 839 rationibus
846 803 934 839 assem

324 877 461 936 ..Discunt
479 877 509 926 in
526 883 618 946 partes
637 882 748 927 centurn
766 872 912 927 diducere:
933 872 1023 939 dicat,

322 961 424 1023 ..Filius
442 961 553 1015 Albini:
573 963 598 1014 si
617 960 651 1014 de
670 961 824 1034 quincunce
842 969 946 1016 remota
964 972 1007 1015 est

322 1051 444 1114 «Uasio,
464 1049 533 1123 quid
550 1049 680 1123 superat?
698 1050 812 1102 Poteras
830 1049 948 1116 dixisse,
967 1051 1063 1104 triens.
1083 1051 1142 1106 Eu!

323 1137 409 1197 ..Rem
425 1139 531 1210 poteris
549 1157 655 1193 servare
673 1145 756 1192 tuam.
775 1136 860 1190 Redit
877 1139 975 1202 uncia,
994 1139 1062 1211 quid
1079 1137 1132 1192 fit?

324 1225 456 1284 sasemis.»
834 1272 836 1280 .

294 1313 400 1367 Uneiae
417 1313 513 1366 decem
522 1352 531 1378 ‚
548 1331 612 1366 nam
628 1331 643 1368 1
659 1313 775 1367 Sextans
788 1329 855 1370 :2
872 1312 944 1367 Une.
964 1333 1028 1385 ergo
1046 1335 1059 1370 1
1075 1312 1153 1368 Libe.
1167 1341 1204 1354 -·
1221 1335 1236 1372 1
1252 1317 1324 1373 Sex-

182 1459 186 1492 1
222 1409 289 1455 tant.
307 1423 343 1452 =
358 1421 392 1458 ao
405 1401 478 1457 Unc.

292 1490 371 1544 Vers.
389 1498 432 1564 47.
451 1493 575 1563 reliquo,
591 1487 664 1542 Edd.
682 1507 754 1542 omn.
770 1519 808 1531 -
823 1493 852 1542 in
870 1493 991 1564 reliquo,
1005 1489 1097 1543 Codd.
1116 1491 1145 1545 S.
1157 1491 1248 1546 Germ.
1265 1493 1324 1546 Re-

226 1579 281 1647 gin.
296 1606 332 1619 —
350 1581 492 1652 relinquo,
511 1577 583 1630 Cod.
599 1575 667 1631 Bob.
683 1597 698 1629 a
714 1596 756 1649 pr.
774 1595 811 1628 nr.
829 1576 880 1630 sed
892 1597 912 1630 n
928 1597 1027 1631 aman.
1045 1598 1099 1630 rec.
1114 1579 1276 1650 jugulatum.

292 1667 448 1728 Semuncla,
466 1667 486 1719 i.
502 1685 524 1718 e.
542 1664 688 1718 dimidium
702 1665 816 1728 unciae,
834 1665 859 1718 si
876 1683 909 1719 ex
923 1683 983 1718 asse
998 1666 1161 1731 sustuleris,
1178 1667 1324 1722 restabunt

223 1755 322 1806 unciae
338 1752 468 1807 undecim
487 1762 515 1807 et
530 1755 622 1807 semis.
640 1754 765 1809 Vener.

294 1842 373 1896 Vers.
387 1845 431 1906 48.
449 1844 571 1914 Dempta
586 1844 681 1905 dabit,
701 1841 772 1895 cod.
790 1837 859 1894 Bcb.
880 1838 953 1894 Edd.
971 1875 1008 1888 -
1027 1843 1118 1898 Teuta
1135 1845 1227 1908 dabit,
1244 1844 1320 1898 Edd.

223 1930 320 1984 Venet.

294 2038 343 2071 nec
358 2037 431 2091 quae
447 2030 488 2071 est
502 2018 600 2093 liujus,
619 2015 743 2086 Coniect.
762 2014 898 2070 Werned.
914 2049 950 2060 -
967 2024 1139 2091 nequeenim
1162 2032 1202 2072 est
1218 2021 1320 2094 liujus,

223 2105 296 2160 Edd.
311 2107 409 2160 Venet.
435 2103 533 2158 Colon.
555 2105 663 2157 Caesar.
687 2100 758 2156 Pitb.
783 2133 820 2148 -
843 2125 930 2178 neque
954 2111 1038 2168 inest,
1057 2097 1129 2159 God.
1147 2107 1264 2180 Guelph.
1283 2138 1320 2151 -

225 2214 312 2269 neque
326 2206 366 2246 est
381 2193 495 2266 (omisso
515 2199 585 2248 enim
603 2201 631 2244 et
648 2191 758 2265 liujus),
774 2190 843 2244 Cod.
861 2191 929 2246 Bcb.
945 2212 1016 2264 apr.
1032 2211 1068 2244 ur.
1081 2193 1132 2246 sed
1145 2215 1161 2246 a
1177 2215 1248 2248 man.
1256 2205 1320 2248 tert.

224 2285 254 2336 iu
269 2300 352 2352 marg.
368 2265 487 2354 namque
501 2294 557 2344 est,
576 2279 652 2354 quod
668 2277 759 2334 Codd.
776 2280 871 2350 Regin.
887 2289 914 2334 et
929 2279 958 2334 S.
977 2280 1070 2335 Germ.
1089 2281 1162 2335 Edd.
1181 2283 1274 2336 Const
1287 2283 1321 2336 in

225 2388 308 2442 marg.
326 2377 354 2423 et
371 2369 463 2423 Vinet.
488 2367 625 2423 exhibent.
649 2388 775 2442 quaeque
797 2380 837 2422 est
859 2369 957 2442 liujus,
984 2369 1098 2441 conjicit
1111 2369 1267 2426 Gronovius
1284 2371 1320 2424 de

224 2475 323 2532 pecun.
339 2465 392 2532 vet.
409 2457 459 2511 IV.
477 2477 518 2532 17.

295 2544 434 2618 Impedita
449 2542 530 2616 hujus
544 2542 602 2597 loci
615 2544 751 2596 sententie
767 2551 826 2608 est,
844 2545 901 2599 sive
919 2564 1007 2618 neque
1023 2550 1110 2609 enim,
1129 2547 1187 2600 sive
1205 2567 1321 2620 namque

225 2648 265 2688 est
279 2632 417 2705 legamus,
434 2634 491 2685 nisi
508 2651 571 2684 cnm
586 2631 727 2686 Gronovio
747 2629 929 2702 corrigamus,
948 2652 1073 2706 quaeque
1089 2648 1130 2687 est
1145 2635 1228 2710 liujus
1238 2677 1249 2698 ‚
1265 2639 1317 2690 sive

126 2723 130 2730 ’
172 2761 178 2764 -
228 2721 304 2797 qnod
320 2741 334 2774 e
349 2723 437 2774 veteri
454 2721 590 2792 scriptura
604 2716 712 2770 facilius
724 2722 845 2790 emergit,
855 2739 984 2793 necqnae
1001 2735 1040 2775 est
1054 2722 1144 2796 liujus.
1154 2725 1218 2778 We
1228 2744 1316 2777 urso.

296 2813 454 2871 sescuncia,
470 2806 543 2859 Edd.
561 2838 597 2848 —
614 2811 760 2870 sexuncia,
787 2806 857 2860 Cod.
872 2806 940 2861 Boh.
959 2828 1027 2880 apr.
1043 2827 1080 2862 m.
1096 2809 1148 2862 sed
1164 2830 1198 2864 ex
1213 2812 1317 2866 emend.

227 2892 290 2952 sec.
302 2904 404 2968 recept.
422 2925 459 2937 -
475 2900 630 2960 semuncia,
649 2894 718 2949 cod.
735 2894 763 2948 S.
781 2893 873 2948 Germ.

299 3006 312 3041 1
329 2983 458 3038 Semuno.
473 3006 509 3034 =
527 2989 546 3056 ᾗ
561 2983 633 3037 Une.
650 2992 679 3036 et
695 3004 707 3038 1
722 2984 854 3037 Sescunc.
870 3006 906 3034 =
924 2991 956 3058 a}
975 2983 1047 3039 Uno.
1073 3004 1137 3058 ergo
1158 2995 1176 3046 5
1193 2987 1318 3042 Semnuc.

226 3097 262 3134 =
277 3071 530 3139 rusescunc.·Dicit
546 3073 630 3142 igitur
649 3090 663 3127 1
681 3073 753 3126 ch.
771 3103 807 3114 -
824 3071 1081 3147 1Semunc.=11}
1097 3075 1169 3128 Uno.
1186 3085 1213 3129 et
1225 3097 1238 3130 1
1249 3077 1317 3130 Uno.

195 3155 197 3161 ¹
226 3194 263 3204 -
276 3181 289 3216 1
307 3161 439 3216 Sesounc.
454 3181 490 3208 =
505 3165 557 3232 101}
569 3159 640 3212 Une.
656 3159 732 3212 nullo
750 3158 883 3231 peculiari
896 3163 1006 3214 nomine
1020 3163 1156 3233 insigniri.
1180 3164 1229 3218 Sic
1246 3167 1318 3218 Cice-

228 3269 259 3302 ro
276 3252 295 3302 l.
311 3270 334 3302 c.
352 3248 497 3302 Caecinam
512 3243 665 3301 haeredem
674 3267 706 3301 ex
726 3266 786 3316 asse
804 3249 894 3302 minus
911 3252 1050 3304 semuncia
1065 3251 1206 3317 dicturus,
1226 3253 1319 3306 edec-

228 3355 298 3389 unce
315 3346 343 3390 et
356 3336 495 3390 semuncia
512 3334 588 3388 dicit.
695 3401 704 3414 ι
755 3401 759 3407 ¹

299 3425 377 3478 Vers.
394 3431 436 3482 50.
457 3425 574 3487 bessem,
590 3421 662 3476 Edd.
680 3455 717 3466 -
735 3425 847 3488 bissem,
869 3424 939 3478 Cod.
956 3426 1051 3497 Regin.
1068 3458 1105 3470 —
1117 3419 1233 3492 ‘bessem
1249 3428 1318 3482 Cod.

207 3511 335 3566 'Thuam
352 3545 387 3555 —
405 3531 503 3574 neren,
526 3508 595 3592 God.
621 3510 690 3565 Bob.
718 3531 734 3565 a
755 3531 797 3583 pr.
812 3531 848 3564 nr.
866 3513 916 3566 sed
931 3533 962 3566 ex
980 3516 1085 3568 emend.
1103 3519 1258 3570 scoberen.
1276 3519 1319 3570 De

230 3602 364 3672 scriptura
379 3602 454 3652 bissis
469 3608 497 3651 et
511 3601 591 3652 bessis
611 3599 675 3652 audi
698 3602 915 3654 Lindemannnm
931 3601 969 3653 ad
985 3605 1068 3658 Pn'sc.
1090 3607 1123 3656 de
1136 3605 1192 3678 fig.
1217 3625 1319 3657 numer.

230 3710 295 3763 pag.
310 3689 379 3759 376:
397 3689 495 3745 «Bissis
506 3705 556 3760 pro
574 3689 654 3739 bessis
668 3688 768 3759 scripsi
786 3697 943 3740 constanter
959 3689 1050 3744 Codd.
1067 3694 1230 3766 scripturam
1245 3691 1320 3744 exhi-

180 3821 185 3830 .
233 3776 327 3838 «bens.
345 3774 442 3848 Neque
455 3793 519 3829 vero
544 3774 641 3827 dubito
663 3777 728 3847 quin
754 3777 855 3828 rectius
880 3775 1014 3830 scribatur
1030 3782 1128 3846 masis,
1147 3789 1179 3833 ut
1196 3779 1319 3844 duossis,

234 3885 318 3939 ..quae
337 3871 380 3917 est
391 3863 531 3936 scriptura
538 3863 683 3935 antiquior.
702 3861 766 3917 Non
789 3873 879 3918 tamen
896 3864 1084 3932 diffitendum,
1101 3865 1200 3921 habere
1216 3867 1320 3942 aliquid

235 3949 404 4029 «verosimile
421 3945 677 4022 scripturam'hinn.
692 3950 743 4006 Uti
760 3953 873 4006 enimin
889 3955 1042 4020 centussis,
1060 3957 1205 4022 nonnssis,
1222 3956 1320 4012 decus·
