2908 4814
602 287 769 394 L

188 485 191 492 .
210 525 212 530 Ι
228 459 321 532 ΝΜ
334 477 432 557 quae
448 445 638 526 dimidium
652 469 819 554 superat,
842 475 926 552 pars
944 477 1023 526 esse
1048 477 1220 554 negatur,

229 577 281 649 Ut
298 561 541 648 docuit'unui
558 567 721 641 scribens
738 571 776 639 in
790 567 943 669 pulvere
962 570 1077 642 Musa

156 691 203 770 55
231 692 364 765 Cetera
381 685 593 789 dicta-prius
606 684 740 782 quihus
759 703 815 758 est
831 687 1016 758 semuncia
1033 686 1160 785 major.

278 920 432 998 Haecde
441 917 690 1022 ponderibus:
710 917 1221 1022 superestparsalteranobis,

226 1035 384 1112 Humida
402 1039 539 1130 metiri,
558 1061 625 1108 seu
639 1036 783 1133 frugum
799 1039 935 1108 semina
952 1037 1081 1125 mavis,

229 1155 343 1254 Cujus
357 1154 540 1256 principio
556 1148 660 1224 nobis
678 1148 864 1251 pandetur
879 1152 993 1248 origo.

226 1257 297 1343 Pes
315 1269 424 1366 longo
437 1271 476 1340 in
488 1269 624 1368 spatio,
643 1265 793 1366 latoque
808 1264 956 1364 altoque
973 1283 1141 1340 notetur:

151 1387 200 1459 60
225 1383 388 1483 Angulus
407 1403 450 1455 ut
464 1408 533 1485 par
552 1384 618 1473 sit,
633 1407 745 1483 quem
765 1379 902 1454 claudit
918 1381 1014 1454 linea
1030 1379 1180 1482 triplex,

226 1501 411 1593 Quattuor
427 1516 464 1572 et
479 1495 642 1572 medium
655 1495 805 1597 quadris
821 1500 986 1596 cingatur
999 1498 1125 1568 inane:

145 1699 148 1705 ,
225 1613 412 1718 Amphora
427 1613 469 1686 stt
481 1613 618 1704 cubus,
635 1639 745 1711 quam
758 1639 806 1687 ne
823 1611 958 1688 violare
974 1610 1124 1701 liceret,

226 1730 420 1804 Sacravere
436 1730 459 1801 J
461 1732 518 1802 ovi
534 1727 694 1830 Tarpejo
709 1730 747 1801 iu
761 1749 885 1802 monte
901 1729 1076 1821 Quirites.

225 1845 344 1946 Hujus
363 1841 555 1917 dimidium
572 1846 645 1918 lert
661 1870 774 1935 urna,
793 1863 891 1917 utet
911 1846 988 1946 ipsa
1006 1839 1181 1916 inedimni

151 1962 199 2036 65
225 1959 430 2062 Amphora,
450 1978 583 2059 terque
603 1961 700 2060 capit
713 1955 894 2032 modium:
916 1959 1091 2030 sextarius
1106 1959 1224 2064 ¹istum

228 2073 402 2150 Sedecies
419 2073 560 2165 haurit,
577 2093 670 2174 quot
683 2074 836 2147 solvitur
854 2079 894 2149 in
910 2073 1042 2173 digitos
1059 2099 1138 2174 pes.

225 2193 273 2264 At
290 2189 446 2292 cotylae,
463 2214 571 2288 quas,
589 2191 620 2298 si
635 2187 796 2288 placeat,
812 2187 946 2263 dixisse
961 2189 1088 2263 licebit

225 2307 396 2380 Heminas
404 2355 416 2392 ‚
433 2301 566 2402 recipit
578 2305 737 2400 geminas
754 2307 929 2378 sextarius
948 2329 1043 2376 unus
1051 2357 1064 2394 ,

227 2421 319 2514 Quis
336 2437 469 2517 quater
481 2413 683 2522 adsumptis
701 2417 742 2490 fit
762 2418 862 2518 grajo
885 2421 1034 2496 nomine
1053 2418 1221 2492 choenix.
1233 2441 1351 2508 ratast.

154 2561 200 2632 70
225 2533 334 2608 Adde
349 2531 459 2627 duas,
475 2530 567 2605 obus
585 2533 644 2625 fit,
663 2533 771 2632 vulgo
789 2535 854 2634 qui
869 2553 926 2607 est
941 2534 1092 2632 congius
1108 2531 1220 2625 idem,
1255 2505 1325 2554 ⁰⁰¹³

223 2647 346 2748 Equo
365 2652 510 2723 sextarii
524 2675 660 2724 nomen
678 2652 808 2724 fecisse
823 2651 967 2754 priore‘s
1022 2745 1028 2754 ι

227 2761 477 2855 Crediderim,
492 2763 596 2864 quod
618 2791 682 2840 eos
699 2767 817 2867 capiat
832 2789 896 2838 sex
911 2764 1062 2862 congius
1082 2789 1187 2838 unus.

168 2963 171 2970 ,
222 2881 271 2952 At
286 2879 407 2980 cotyle
425 2879 577 2980 cyathos
593 2881 649 2954 bis
666 2901 801 2971 ‚ternos
814 2865 887 2952 una
905 2897 1090 2984 receptat:

224 2993 301 3069 Sed
317 2993 448 3095 cyatho
465 2994 570 3068 nobis
587 2989 735 3098 pondus
756 3021 908 3097 quoquc
931 3017 1043 3096 saepe
1060 3014 1218 3069 notatur.

151 3111 197 3208 75
222 3111 285 3184 Bis
301 3109 687 3211 quinaehuncsaciunt
700 3109 907 3200 drachmae,
916 3112 945 3181 si
953 3107 1292 3211 adpenderemalis:

226 3224 455 3327 Oxybaphon
467 3224 551 3318 fiet,
571 3229 602 3299 si
616 3229 780 3326 quinque
796 3220 979 3298 addantur
992 3222 1040 3298 ad
1055 3227 1151 3299 istas.
1248 3235 1250 3240 ’

221 3341 270 3412 At
284 3359 461 3440 mystrum
478 3337 600 3440 cyathi
615 3351 834 3440 quarta‘est3
858 3337 926 3413 scd
944 3341 1049 3414 tertia
1067 3327 1216 3442 mystri,

218 3457 343 3548 'Quam
357 3458 519 3528 vocitant
533 3454 689 3534 chemeu
697 3510 709 3546 ‚
729 3459 826 3559 capit
841 3457 934 3531 haec
948 3454 1153 3530 cochlearia
1167 3458 1261 3532 bina.

221 3567 385 3664 Quodsi
398 3595 590 3645 mensurae
605 3568 753 3672 pondus
769 3598 991 3675 componere
1009 3573 1060 3643 fas
1077 3593 1151 3663 est,

149 3693 204 3762 80·
222 3681 385 3762 Sextario
403 3684 555 3784 cyathus
573 3711 657 3788 pars
677 3706 749 3778 est,
773 3709 945 3792 quaeest
964 3690 1071 3761 uncia
1089 3687 1212 3762 librae.

220 3801 388 3874 Necnon
404 3801 586 3904 oxybaphi
606 3801 729 3875 similis
743 3807 930 3876 sescuncia
945 3803 1025 3879 liet:

220 3915 485 4015 Sicilicumquc,
498 3918 564 3990 tibi
581 3937 718 4018 mystro
734 3919 902 3994 simulare
920 3918 1055 3995 licebit.
