2950 4810
645 279 741 350 81·

125 466 158 508 «ι
171 445 298 517 Diogene
312 451 435 518 captam,
452 459 509 496 non
522 441 642 496 forentes
654 441 763 504 Isauri,
778 437 979 494 descendants
996 441 1096 508 Tauro,
1111 451 1138 498 et
1145 444 1215 500 Dio-

124 552 241 606 «genem
257 532 326 586 adeo
342 531 518 604 pertinaciter
533 527 679 584 obsidione
698 526 816 592 vallant,
833 536 865 581 nt
881 536 961 584 ¹totns
974 529 1045 585 tama
1063 533 1169 606 perire,
1187 541 1216 588 et

124 631 262 682 «encoma
274 619 462 674 internecione
478 615 579 682 deleri,
596 615 798 690 periclitaretur
817 618 960 673 exercitus.
979 619 1081 674 Verum
1094 621 1215 676 Joannes

124 717 325 782 «cognomento
343 706 460 771 Gihhua
476 709 609 780 superatis
618 707 703 760 Tanri
714 703 856 776 angustiis,
869 702 1066 781 prehensisque
1083 707 1216 773 excubiis,

124 799 308 872 «improvisus
332 795 492 860 adveniens,
506 803 534 849 et
553 813 607 849 nna
630 792 712 847 simul
728 794 868 864 Diogenes
893 795 1075 867 irruptionem
1095 797 1216 862 iaciens,

124 885 273 949 «hostium,
286 885 381 937 urbem
389 881 585 947 obsidentium,
599 883 692 954 copias
710 899 803 936 omnes
817 883 972 954 prostravit.
989 881 1099 935 lhidem
1116 883 1215 938 Conon

126 973 293 1048 ,episcopus
312 967 423 1027 vnlnere
444 980 558 1044 accepto
581 959 658 1026 brevi
677 968 854 1042 postmodum
876 972 966 1043 spatio
989 971 1121 1035 moritur,
1140 979 1167 1024 et
1185 970 1217 1025 fit
1240 977 1244 988 ¹

127 1060 273 1124 “Romanis
288 1045 424 1114 secundae
440 1060 603 1112 etmaximae
613 1059 733 1111 accessio
740 1058 894 1129 victoriae.»
903 1061 941 1114 Et
953 1061 990 1112 ad
1001 1078 1064 1134 asp.
1083 1059 1145 1112 etr.
1154 1062 1217 1134 496.

124 1178 192 1232 pag.
207 1173 264 1214 rao.
287 1152 407 1231 «τοθτῳ
435 1156 481 1233 τῷ
505 1146 575 1212 ina·
584 1149 726 1230 Ἰωάννης
751 1149 916 1230 ὄΣνεύθηο
934 1157 1113 1228 πολιορκῶν
1129 1154 1218 1228 παρέ-

130 1256 228 1332 «talis
245 1256 299 1316 τόν
316 1274 349 1314 τε
368 1258 521 1336 Λογγῖνον
543 1254 596 1314 τόν
622 1249 682 1312 sxa
700 1254 895 1336 μογίστρων,
918 1257 973 1314 noi
996 1259 1148 1337 Λογγῖνον
1166 1256 1220 1314 τὸν

128 1358 377 1436 «Σιληνούντιον
389 1361 470 1430 ,οιαὶ
485 1353 717 1434 Ἀθηνόδωρον,
733 1357 788 1415 nai
805 1357 881 1415 sobi
896 1358 1026 1415 λοιποὺς
1042 1355 1218 1432 τυράννους.

128 1455 201 1526 «soi
218 1460 348 1520 τούτους
364 1456 545 1538 ἀποτεμὼν,
567 1459 621 1517 τὰς
639 1460 779 1539 κεφαλὰς
804 1462 907 1518 αὐτῶν
931 1455 975 1518 sis
998 1461 1033 1518 τὸ
1052 1462 1221 1520 coeamus

129 1557 280 1642 «Ῑπιρψεν
298 1560 488 1637 Ἀναστασίῳ
502 1566 548 1640 τῷ
564 1559 717 1636 βασιλεῖ.»
741 1563 816 1624 «Hoc
832 1583 903 1618 anuo
919 1563 1222 1640 loannesScythapost

131 1660 305 1722 ,diuturnam
321 1657 495 1712 ohsidionem
510 1657 622 1711 taudem
637 1658 793 1730 Longinum
806 1659 1004 1732 Ermagistrum
1024 1661 1221 1733 et'Longinunr

131 1746 354 1810 «Selinuntium,
372 1755 452 1821 atqua
465 1743 671 1800 Athenodorum
685 1755 845 1821 ceterosque
862 1757 991 1822 tyrannos
1007 1750 1098 1821 cepit,
1119 1757 1147 1802 et
1164 1747 1221 1822 gla-

135 1835 199 1897 ,dio
225 1837 305 1900 ferit,
324 1851 470 1906 eorumque
496 1834 585 1907 capita
599 1832 760 1904 Byzantium
780 1833 922 1898 Anastasio
944 1837 1101 1910 imperatori
1118 1838 1220 1891 misit.»
1278 1843 1282 1846 ’

130 1923 200 1978 Belli
207 1921 286 1994 hujus
299 1921 440 1976 historiam
455 1919 537 1994 paulo
551 1919 637 1985 aliter,
645 1923 736 1975 minus
749 1929 839 1976 tamen
854 1931 987 1990 accurate,
1002 1925 1221 2000 exequitorEva-

129 2014 203 2086 grius
210 2011 343 2064 Libani.
351 2029 410 2083 cap.
417 2025 452 2086 29
464 2017 494 2063 et
503 2028 562 2082 cap.
571 2013 606 2066 35
616 2007 682 2075 edit.
692 2011 738 2064 cit.
747 2029 808 2084 pag.
821 2015 875 2072 560
882 2020 910 2066 et
917 2017 979 2088 369,
993 2014 1138 2067 manifesto
1149 2015 1221 2068 enim

130 2095 219 2156 errore
228 2099 383 2171 Longinum
391 2098 509 2151 Zenonis
525 2099 696 2171 imperatoria
712 2100 831 2165 fratrem,
846 2100 1221 2173 cumLongincExmagistrc

129 2187 283 2253 confundit,
291 2204 360 2260 qnos
373 2194 481 2260 praeter
488 2181 682 2261 Theophanem
699 2185 809 2242 disertis
826 2189 918 2245 verbis
935 2191 1053 2244 Zonans
1068 2187 1132 2243 libr.
1146 2189 1221 2245 XIV.

128 2282 195 2339 edit.
209 2283 295 2337 Paris.
310 2291 376 2336 tom.
388 2282 425 2334 Π.
440 2297 501 2352 pag.
517 2285 552 2342 ss
566 2278 713 2351 distinguit
727 2278 770 2334 his
786 2283 897 2336 verbis:
919 2280 955 2344 «ὁ
967 2285 1131 2363 μάγιοτροο
1146 2285 1224 2365 Λογ-

133 2387 254 2466 spinos,
270 2386 327 2457 οὑρ
344 2380 363 2441 ὅ
381 2380 522 2458 Ζήνωνος
536 2377 669 2459 ἀδελφόν
681 2376 755 2438 ἀλλ’
772 2376 901 2457 inpos.»
924 2383 1081 2457 ,Longinus
1095 2387 1226 2458 magister

133 2499 206 2542 «non
221 2481 339 2534 Zenonis
354 2476 402 2532 ille
419 2479 510 2542 frater,
529 2477 579 2531 sed
595 2471 664 2530 alius
672 2489 696 2541 ,υ
717 2497 798 2551 quem
814 2487 905 2532 tarum
920 2479 1089 2552 ducangius
1105 2481 1135 2534 in
1148 2481 1224 2535 notis

131 2569 168 2624 ad
182 2567 256 2622 hunc
274 2569 394 2622 Zonaras
407 2565 501 2620 locum
514 2583 575 2638 pag.
589 2571 621 2624 51
638 2583 781 2638 perperam
788 2566 943 2639 Longinum
959 2567 1143 2623 Selinuntium
1155 2569 1224 2623 iuis-

131 2675 161 2711 sc
177 2655 251 2720 vult,
271 2673 352 2728 quern
368 2652 548 2727 Theophanes
566 2651 585 2706 l.
600 2655 647 2707 cit.
662 2672 715 2707 una
730 2673 793 2708 cum
808 2655 934 2728 Longino
951 2654 1120 2729 Ermagistro
1138 2665 1166 2712 et
1181 2677 1224 2711 re·

129 2745 214 2818 liquis
228 2743 385 2796 Isaurorum
402 2740 518 2796 ducibus
543 2761 559 2795 a
579 2743 684 2796 Joanne
700 2741 803 2815 Scytha
825 2751 935 2816 captum
959 2751 987 2796 et
1011 2747 1100 2819 capite
1114 2745 1225 2818 plexum

129 2832 216 2884 fuisse
239 2837 330 2883 narrat
351 2829 412 2902 (cfr.
437 2827 473 2882 ad
495 2847 564 2885 vers.
586 2831 651 2903 87);
669 2837 725 2884 tres
748 2832 832 2903 igitur
850 2839 926 2884 erant
949 2830 1084 2902 Longini5
1104 2833 1224 2887 Zenonis

131 2936 230 2992 nempe
245 2918 344 2981 frater,
363 2916 397 2970 ab
414 2919 557 2972 Anastasio
571 2916 760 2972 Alexandriam
775 2917 838 2972 exul
849 2921 969 2983 missus,
986 2917 1092 2972 ibidem
1107 2918 1224 2992 preshy-

131 3018 174 3061 ter
193 3003 335 3062 ordinatus
351 3014 380 3060 et
396 3007 540 3080 septennio
556 3015 622 3079 post
636 3006 699 3060 sutis
714 3007 840 3074 fimctus3
859 3006 927 3060 alter
940 3006 1082 3080 Longinus
1090 2997 1225 3079 'magister

131 3095 258 3168 militum,
266 3104 460 3158 Malelseedit.
468 3115 554 3156 venet.
562 3115 625 3156 root
639 3104 678 3156 ΙΙ.
684 3123 749 3176 pag.
758 3109 802 3177 ⁵9·
824 3103 992 3181 «Λογγῖνον
1010 3098 1221 3181 ὁραλακρόο,υ

134 3197 291 3268 «Longinus
299 3196 425 3262 Calvus»
440 3197 685 3272 qnemllnastasius
697 3197 856 3268 magistratu
864 3193 1004 3269 abrogavit
1021 3207 1049 3252 et
1062 3199 1091 3250 in
1109 3197 1225 3270 patriam

131 3283 298 3350 amandavit,
315 3285 366 3340 ubi
380 3295 478 3359 postea
497 3283 626 3340 adversus
649 3285 840 3357 imperatorem
863 3283 968 3340 bellam
992 3287 1130 3358 suscepit,
1149 3285 1225 3359 qnod

133 3373 259 3444 Longino
285 3373 405 3446 Zenonis
428 3375 506 3428 fratri
526 3369 671 3447 perperam
692 3370 790 3427 tribuit
811 3372 959 3444 Euagrius,
983 3375 1081 3428 tertius
1105 3372 1225 3448 deniquo

132 3460 275 3533 Longinus
292 3460 404 3535 quidam
419 3461 604 3525 Selinuntius,
624 3462 672 3534 qui
688 3469 715 3514 et
726 3479 741 3514 a
754 3459 920 3534 Theophane
937 3471 973 3516 et
992 3459 1026 3514 ab
1048 3460 1163 3533 Evagrio
1180 3463 1224 3517 iu-

132 3557 175 3603 ter
188 3548 343 3604 Isaurorum
357 3548 442 3603 duces
458 3558 691 3609 commemoratur.
716 3548 780 3604 Vid.
797 3551 860 3604 inlr.
878 3549 914 3604 ad
929 3568 998 3605 vers.
1017 3568 1163 3625 171-177·
1180 3549 1224 3604 De

132 3633 208 3688 bello
225 3632 278 3688 hoc
292 3636 414 3691 isenrico
428 3639 478 3692 cfr.
487 3640 681 3694 Marcellinum
691 3639 821 3693 Comitem
834 3641 897 3694 edit.
907 3638 1043 3692 Sirmond.
1057 3639 1224 3711 Paris.1619

133 3745 199 3798 pag.
208 3731 243 3788 44
261 3735 288 3776 et
301 3726 335 3786 66
346 3738 373 3779 et
379 3727 547 3781 Iomandem
556 3729 590 3781 de
597 3747 703 3800 regnor.
712 3747 824 3781 success.
842 3730 905 3784 edit.
920 3729 1018 3783 Hamb.
1031 3731 1096 3788 1611
1106 3730 1223 3802 pag.61.

205 3813 284 3867 Vera.
294 3817 337 3888 59.
358 3815 476 3873 «Roma»
484 3833 536 3887 pro
544 3817 690 3889 Byzantio,
697 3823 870 3870 ntmoxvers.
877 3819 911 3876 61
921 3819 1111 3891 «latiaregnan
1123 3823 1150 3868 et
1160 3814 1223 3867 inis.

136 3894 205 3956 veis.
219 3909 281 3960 310.
306 3907 438 3963 «ausonia
454 3919 555 3978 regnan
578 3922 629 3978 pro
655 3908 766 3978 imperio
791 3907 946 3978 bysantino.
970 3904 1150 3978 Septicollem
1168 3903 1224 3954 llo·
1331 3948 1335 3954 .

138 4009 207 4043 mam
224 4006 368 4054 «semem»
386 3991 523 4065 appellant
539 4005 633 4050 noster
649 4011 718 4048 vers.
734 4003 783 4060 ιω
796 4034 804 4057 ,
816 4001 844 4046 et
858 3991 905 4046 alii
918 3996 1028 4066 passim.

746 4287 754 4317 Ι
