2950 4810
740 264 785 330 43
843 303 847 312 .

659 331 662 336 ’
669 339 851 364 ...ι-ε...-

211 432 287 494 ¹otis,
307 447 374 502 quae
390 425 485 480 alletee
501 425 624 487 fuerent,
642 424 673 474 iu
696 441 792 495 rogum
815 423 962 494 conjectis,
979 405 1106 495 irrignum
1123 426 1249 480 excitavit
1261 429 1305 481 in-

218 517 377 580 «ceudium,
396 523 424 568 et
446 515 565 566 cinerem
576 511 653 584 aquis
667 513 752 582 mergi
765 511 863 582 jussit,
882 531 936 585 quo
958 509 1117 583 hujusmodi
1133 516 1237 569 exactio
1253 533 1305 587 pe-

218 607 308 667 «nitus
320 602 487 658 aboleretur:
507 599 575 653 adeo
588 609 619 652 ut
634 617 685 652 neo
701 601 770 653 einis
783 618 835 654 uec
849 599 946 665 favilla,
961 619 1013 654 nee
1028 599 1115 652 ullum
1129 604 1238 656 omuino
1253 602 1304 655 hu-

219 694 276 766 «ἠιις
292 695 348 757 rei,
362 681 412 746 ¹out
428 690 637 758 combustarum¹
647 687 797 740 chartarum
812 690 957 760 vestigium
971 686 1194 766 relinquerem.»
1203 691 1304 745 -Neo

215 777 473 855 praetermittendus
486 781 610 848 Procopii
627 777 733 830 Gazaei
755 796 798 848 ομ.
815 781 859 830 cit.
881 791 943 830 tom.
959 779 999 830 ΙΙ.
1016 799 1080 850 pag.
1097 781 1147 842 38,
1165 781 1243 832 testis
1259 789 1304 832 ut-

215 889 281 953 pote
296 876 405 938 coaevi,
425 872 459 926 de
475 871 652 952 Chrysergyri
666 869 815 925 abolitione
831 871 926 937 locus,
947 874 993 946 qui
1009 875 1049 926 sic
1064 871 1162 926 habet:
1186 871 1305 935 «(’Λλλὰ

219 979 294 1061 «γάρ
309 965 408 1056 ἕν,ἠ
423 974 564 1048 δεύτερον
586 969 703 1046 εἰπὼν,
727 966 772 1030 ἔτι
797 977 849 1049 τῆς
871 979 974 1050 κοινής
997 977 1050 1032 καὶ
1074 977 1154 1034 κατὰ
1180 981 1304 1035 πάντων

219 1078 410 1159 «εὐεργεσίας
424 1070 564 1153 ἐρόμενον
576 1114 585 1146 ,
596 1074 680 1133 οὕτω
698 1079 751 1133 καὶ
772 1077 847 1152 πρός
862 1081 917 1153 τὴν
931 1079 1010 1136 κατά
1023 1077 1114 1155 μέρος
1132 1085 1304 1156 φιλανθρω-

219 1183 310 1246 «πίαν
329 1179 436 1258 πέμήω
456 1179 509 1237 τὸν
533 1179 636 1258 λόγον.
655 1177 719 1236 ίστε
739 1179 814 1258 γὰρ,
837 1180 891 1238 καί
911 1201 965 1256 μοι
985 1177 1089 1258 μηδείς
1110 1181 1303 1256 ταραττέσθω

218 1285 291 1360 «τήν
308 1284 449 1362 γνώμην,
466 1277 509 1338 ὡς
527 1282 619 1360 φόρος
634 1300 681 1338 τις
700 1283 862 1356 δυσρερὴς,
882 1274 985 1358 ὥσπερ
1003 1287 1113 1342 τιτῶν
1137 1287 1246 1342 δεινῶν
1267 1278 1303 1341 ἐκ

219 1386 381 1461 «περιόδου
396 1387 463 1442 ταῖς
477 1384 603 1441 πόλεσιν
620 1381 794 1456 ἐπετίθετο,
812 1385 865 1441 καί
884 1369 933 1442 διὰ
951 1375 1080 1444 πάντων
1089 1383 1214 1463 ἐφοίτα,
1233 1386 1306 1460 πρό-

220 1483 327 1566 «φασιν
345 1487 466 1544 δίκαιαν
484 1489 543 1542 οὐκ
560 1480 661 1558 έρων,
680 1481 773 1562 όνομα
796 1489 941 1560 δυστυρὲς
965 1493 1030 1545 τοῖς
1044 1489 1214 1565 ὑπηκόοις,
1230 1509 1306 1563 ρρυ-

220 1591 290 1653 «σὸς
305 1594 358 1648 καί
376 1587 505 1669 όργυρος
525 1583 569 1644 είς
587 1587 660 1664 μίαν
684 1579 826 1646 έλθόντες
851 1591 1063 1670 προσηγορίαν.
1085 1587 1150 1648 ὅσοι
1171 1592 1227 1670 γὰρ
1256 1590 1307 1648 ἀν·

220 1727 233 1756 «
257 1695 373 1768 ρώπων
389 1692 568 1770 αὐτουργῶν
585 1693 687 1747 τεκαὶ
708 1695 772 1749 τῶν
793 1691 863 1752 καθ’
884 1691 996 1768 ἡμέραν
1019 1685 1147 1767 ένδεεῖς,
1165 1696 1219 1752 καὶ
1238 1697 1306 1750 ταῖς

220 1798 323 1870 «ρερσί
341 1799 439 1852 πόισαν
454 1786 565 1850 έλπίδα
583 1792 778 1869 πεποιημένοι
797 1800 853 1852 τοῦ
870 1793 954 1868 βίου,
972 1786 1077 1871 ὥσπερ
1095 1794 1235 1869 ἱδρώτων
1252 1799 1309 1853 καὶ

219 1897 400 1969 «δυστυρίας
418 1895 527 1973 μισθόν
550 1892 694 1952 ἐτέλουν·
719 1898 776 1952 καὶ
798 1901 890 1954 τοῦτο
905 1897 983 1972 μετὰ
1008 1901 1061 1971 τῆς
1085 1898 1177 1974 τόρης
1201 1900 1310 1954 αὐτοῖς

220 1993 404 2062 «ἐπετίθετο.
423 1991 524 2054 έστενε
540 1996 677 2075 γεωργὸς
690 1999 758 2070 περὶ
772 1999 810 2054 τά
826 1995 950 2073 δένδρα·
968 2003 1080 2073 διπλῆν
1100 2001 1157 2079 γάρ
1173 1997 1237 2072 εἶρε
1250 2003 1308 2075 τὴν

221 2099 411 2178 «συμφοράν,
429 2094 482 2154 καί
506 2102 609 2155 πονῶν
631 2103 676 2176 τῷ
697 2099 829 2175 σώματι,
853 2103 907 2158 καί
928 2099 1110 2179 μεμνημένος
1131 2105 1194 2160 τῶν
1209 2108 1309 2179 λυπη·

221 2207 319 2277 «ρῶν
335 2200 443 2258 ἁλιεὺς
466 2199 547 2275 παρὰ
570 2202 626 2275 τήν
648 2205 820 2259 θάλατταν·
836 2201 918 2280 ἠρίει
934 2205 969 2261 τό
988 2205 1134 2277 δίκτυον,
1148 2203 1242 2283 θήραν
1259 2207 1309 2262 εὖ·

221 2305 364 2380 «ρόμενος
378 2307 507 2380 λαβεῖν,
524 2294 558 2380 ἠς
570 2301 751 2380 μεθέξουσιν
768 2296 876 2379 ἕτεροι.
895 2297 1024 2381 ἔμπορος
1038 2303 1070 2362 δέ
1085 2329 1141 2378 τις,
1156 2308 1233 2384 μετὰ
1243 2326 1308 2380 ρει-

221 2411 325 2483 «μῶνα
339 2408 394 2464 καί
412 2411 587 2476 θάλατταν,
604 2407 658 2462 καὶ
678 2406 772 2483 τύρην
786 2405 911 2484 ἀγρίαν,
925 2407 1017 2483 μόλις
1039 2411 1091 2482 τῆς
1109 2414 1162 2490 γής
1175 2406 1286 2483 ἐπιβὰς
1297 2399 1323 2484 ,”

222 2505 293 2570 «καί
310 2511 402 2566 πόλιν
420 2504 515 2580 ἰδὼν,
535 2511 594 2564 οὐκ
609 2507 735 2583 ἄμισθον
751 2503 814 2579 είρε
831 2507 941 2586 ταύτης
957 2511 1013 2583 τήν
1028 2508 1108 2570 θέαν.
1128 2514 1181 2569 καί
1203 2512 1234 2570 τί
1260 2516 1309 2570 δεῖ

221 2609 342 2690 «λέγειν
359 2615 432 2668 τοῦς
450 2606 584 2672 άλλους;
602 2607 634 2665 αἱ
652 2612 710 2688 γαρ
726 2607 778 2667 ἐπὶ
795 2613 859 2667 τῶν
873 2607 1050 2687 οἰκημάτων
1068 2619 1222 2692 γυναῖκες,
1232 2611 1309 2672 όνει·

222 2717 291 2774 «δος
307 2711 476 2791 ἀναγκαῖον
492 2716 642 2784 λαροῦσαι
658 2711 712 2768 τόν
728 2709 810 2785 βίον,
823 2711 894 2770 οὐδὲ
911 2712 945 2770 τό
963 2716 1124 2787 δυστυρεῖν
1141 2709 1189 2770 ἐπ’
1206 2712 1309 2774 ἁδείας

222 2809 426 2890 «ἐκέκτηντο,
441 2807 515 2870 ἀλλ’
530 2814 622 2871 ὠνιον
638 2811 799 2871 ἐποιοῦντο
819 2815 875 2889 τὴν
895 2819 950 2873 τοῦ
975 2817 1112 2892 σώματος
1128 2813 1236 2890 ὗβριν·
1252 2824 1308 2878 καί

166 2915 170 2928 “
223 2923 296 2978 «τοῦ
309 2919 351 2995 μή
370 2919 540 2994 σωφρονεῖν
557 2915 665 2992 μισθός
688 2914 920 2988 κατεβάλλετο·
939 2922 992 2976 καὶ
1010 2917 1120 2976 ἱιπλῶς
1135 2905 1252 2993 εἷπειν,
1270 2913 1308 2978 έκ

223 3025 305 3082 «τῶν
319 3016 436 3078 κοινῶν
451 3017 650 3095 ἀτυρημάτων
674 3015 691 3076 ό
707 3023 763 3075 τοῦ
783 3017 937 3091 βασιλέως
953 3021 1102 3096 θησαυρὸς
1124 3015 1305 3098 έπληροιῖτο.

223 3128 337 3202 «ταῦτα
352 3127 415 3180 τῶν
432 3122 503 3195 πρὶν
523 3120 721 3193 κρατούντων
738 3119 816 3178 τινὲς
832 3124 973 3182 ὁόὶαντες
989 3110 1066 3182 εἷναι
1081 3130 1307 3202 φιλάνθρωποι,

223 3222 354 3300 «ἠλέουν
364 3223 439 3300 μὲν,
457 3220 582 3297 βοηθεῖν
600 3221 633 3279 δὲ
657 3225 717 3280 οὐκ
739 3209 838 3296 είρον·
861 3220 934 3282 ἀλλ’
959 3225 1174 3303 ἠβουλήθησαν
1195 3229 1307 3305 μόνον,

167 3307 170 3314 ’
223 3322 295 3388 «καί
309 3324 397 3402 μέρρι
413 3323 595 3399 τούτουτὴν
615 3323 724 3400 ἀρετὴν
740 3318 941 3386 ἐνεδείξαντο·
959 3329 994 3385 τό
1012 3329 1046 3386 δὲ
1063 3329 1138 3403 πρός
1152 3323 1242 3410 ἔργον
1258 3323 1307 3387 έκ·

223 3427 361 3508 «φέρειν,
377 3430 454 3505 μετὰ
470 3431 534 3485 τῶν
548 3423 706 3486 ἀδυνάτων
723 3421 901 3506 έθαόμαᾶον.
917 3423 978 3487 ἔδει
999 3431 1056 3510 γάρ
1078 3435 1126 3488 σοὶ
1143 3435 1197 3489 καὶ
1214 3437 1307 3490 τοῦτο

223 3534 414 3607 «τηρεῖσθαι,
430 3531 484 3586 καί
504 3529 556 3586 σὸν
573 3524 661 3609 έργον
675 3529 811 3610 γενέσθαι
826 3533 903 3608 μετά
921 3535 984 3596 τῶν
999 3529 1124 3591 ἄλλων·
1141 3531 1227 3591 ὅπως
1241 3533 1308 3608 ἀρε-

223 3637 278 3710 «τή
295 3635 338 3710 μή
358 3635 494 3708 λανθάνῃ
509 3633 657 3708 τοσαύτη,
671 3637 713 3711 μὴ
729 3635 889 3709 παρόντων
907 3635 983 3709 αὐτῇ
1002 3635 1076 3711 πρὸς
1091 3635 1191 3711 άᾶίαν,
1205 3634 1243 3693 δι’
1261 3626 1307 3694 ὧν

224 3729 352 3812 «έαυτήν
370 3726 560 3795 έπιδείᾶεται.
583 3732 652 3795 ὅθεν
670 3736 780 3794 παντός
805 3733 921 3794 ἆτόπου
937 3735 1064 3813 κέρδους
1081 3733 1200 3799 έννοιαν
1221 3759 1308 3813 παρι-

224 3839 326 3910 «δὼν,
346 3837 401 3893 καί
416 3837 524 3912 ἃημίαν
540 3842 695 3916 θαυμάσας
713 3837 952 3916 ἐπαινουμένην,
972 3838 1168 3919 ἠβουλήθης,
1186 3841 1307 3900 ἐπένευ-

224 3957 306 4013 «σας,
324 3934 368 3996 είς
383 3933 472 4019 ἔργον
486 3938 624 4017 ἀφίκετο.
638 3945 693 4000 καὶ
707 3941 779 3999 οὐδὲ
789 3939 878 4017 μέρρι
894 3941 1006 4002 τούτου
1017 3945 1055 4002 τό
1069 3949 1121 4023 τής
1135 3945 1309 4030 ςδεργεσίας
