2908 4814
689 275 735 346 75

165 437 262 506 pinsi-
284 456 306 487 c.
330 435 362 486 Iu
386 435 523 489 seditione
547 433 696 490 arache
713 441 774 500 ale.
797 433 927 489 adversus
941 435 1128 538 lastinianum
1145 438 1261 491 excitata

167 523 291 575 occisum
305 523 391 576 fuisse
407 523 551 595 prdbabile
566 533 616 577 est.

237 609 310 664 Flav.
325 611 485 684 Pompeium
499 621 527 665 et
542 611 614 666 Flev.
631 611 768 675 Probum,
785 612 897 683 Hypatii
913 609 1002 676 filios,
1018 613 1155 666 anastasii
1169 615 1261 668 fratris

164 707 245 752 natos
262 697 326 752 illos
341 707 423 771 puto,
443 718 511 773 quos
530 703 682 754 Priscianus
699 721 764 752 vers.
789 707 841 774 295
858 708 885 752 et
899 703 958 774 296·
977 701 1148 754 Anastasium
1173 721 1260 775 aequo

163 788 256 841 animo
275 777 435 858 complecti:
457 805 528 846 «non
541 791 632 864 patrui
644 796 766 850 tantum,
785 786 836 839 sed
852 791 939 860 patris
957 807 1032 840 more
1052 787 1200 852 colendam
1217 789 1261 842 di-

165 876 214 928 cit.
233 876 403 927 Anastasium
420 873 471 926 sub
488 877 559 926 ritae
575 877 676 928 exitum
692 875 725 927 de
741 893 899 928 successore
912 879 1092 946 cogitantem,
1111 875 1224 929 alterum
1246 897 1262 930 e

163 961 256 1016 trihus
271 963 435 1034 nepotibus3
456 962 596 1034 Pompeio,
615 963 706 1017 Probo
721 972 767 1016 ent
775 963 893 1036 Hypatio
911 963 1010 1036 eligere
1025 964 1164 1018 studuisse
1181 967 1264 1020 Ano·.

165 1071 264 1123 aymus
280 1053 311 1105 V
308 1055 386 1104 alasii
396 1071 462 1123 pag.
479 1057 529 1109 185
545 1061 642 1106 narrat.
1211 1071 1215 1086 ι

236 1139 344 1210 Magna,
358 1157 436 1192 soror
451 1141 596 1202 Anastasii,
611 1139 771 1194 Secundino
786 1136 830 1194 rel
845 1137 1038 1203 secundiano,
1053 1141 1101 1212 qui
1117 1159 1178 1194 eun.
1194 1139 1260 1194 Chr.

165 1235 228 1285 611.
239 1225 410 1280 consulatum
420 1228 513 1296 gessit,
525 1229 629 1298 nupsit.
650 1229 682 1284 V
679 1227 713 1281 id.
731 1227 923 1298 Theophanem
937 1247 1002 1298 pag.
1022 1235 1144 1292 125,154
1159 1237 1258 1304 ar157.
1345 1235 1348 1242 '

235 1314 323 1370 Filius
342 1315 456 1386 Magnae
481 1323 508 1366 et
530 1314 700 1379 Secundini,
718 1314 826 1368 Flavius
851 1315 1003 1386 Hypatius,
1029 1334 1091 1367 aun.
1111 1313 1174 1370 Chr.
1197 1323 1258 1375 501.

165 1400 272 1455 Consul
289 1401 460 1472 designatus,
478 1401 591 1455 biennio
608 1413 673 1480 post
689 1402 722 1455 ab
739 1401 872 1455 avunculo
889 1404 918 1454 iu
933 1403 1029 1483 Persas
1042 1396 1158 1467 missus,
1173 1406 1259 1457 Anni-

166 1490 228 1542 dam
242 1492 331 1562 cepit
349 1493 543 1556 (Marcellinus
562 1492 662 1544 Comes
671 1512 736 1563 pag
756 1493 849 1562 48)ιι·
821 1490 870 1543 sed
891 1489 973 1562 paulo
997 1473 1062 1561 post
1077 1490 1183 1562 proelio
1200 1495 1258 1548 vic-

164 1587 226 1641 tus,
244 1596 322 1648 aegre
340 1577 403 1648 fuga
417 1580 509 1632 evasit
528 1577 681 1632 lnielrcron
695 1598 825 1633 successu
840 1598 896 1630 rem
917 1579 971 1648 egit
985 1595 1046 1629 ann
1057 1577 1120 1630 Chr.
1130 1585 1191 1635 512.
1209 1581 1258 1634 ad-

163 1679 258 1718 versus
276 1663 441 1719 Vitalianum
456 1665 590 1719 'ibracem
605 1643 762 1738 tyreuuurir,
780 1669 897 1728 missus,
916 1685 931 1716 a
953 1685 1007 1738 quo
1028 1665 1133 1736 proelio
1151 1669 1257 1731 victus,

165 1763 279 1824 captus,
297 1771 391 1806 caveae
406 1755 507 1806 ferreae
521 1753 662 1823 inclusus,
686 1765 713 1809 et
735 1755 809 1828 apud
826 1751 977 1807 Castellum
997 1754 1080 1806 Arcas
1097 1753 1146 1806 diu
1162 1754 1257 1808 deten-

165 1852 227 1905 tus,
241 1842 331 1914 vpatris
354 1843 509 1894 interventu
531 1843 643 1896 taudem
664 1842 796 1896 liberatus
821 1850 871 1896 est.
900 1840 963 1895 Vid.
982 1839 1173 1913 Theophanem
1190 1865 1255 1916 pag.

166 1938 224 2002 175.
246 1933 394 2002 Evagrium
420 1931 493 1982 Libr.
518 1933 573 1984 111.
593 1951 653 2002 cap.
671 1939 713 1994 45.
732 1931 919 2003 Nicephorum
936 1931 986 1984 VI.
999 1933 1042 1986 38.
1060 1931 1256 1984 Marcellinum

165 2021 293 2072 Comitem
308 2039 373 2090 pag.
390 2022 432 2075 56.
451 2020 512 2070 Jam
529 2038 591 2071 cum
602 2021 759 2074 Priscianus
775 2033 865 2072 noster
875 2035 944 2071 vers.
962 2035 1013 2092 299
1028 2017 1177 2088 Hypatium
1189 2037 1255 2090 geu-

161 2116 203 2158 tes
220 2103 512 2178 Scythicas,·quarum
533 2108 627 2178 copias
651 2106 816 2160 Vitalianum
841 2107 965 2176 coegisse
987 2113 1113 2169 constat,
1132 2104 1165 2158 ab
1189 2106 1256 2159 istri

160 2196 228 2265 ripis
246 2191 382 2265 depellere
398 2192 488 2256 dicat,
507 2213 595 2266 neque
612 2193 678 2247 elias
701 2213 822 2266 unquam
837 2195 986 2264 Hypatium
1008 2192 1043 2246 ad
1060 2194 1163 2246 Istrum
1180 2193 1255 2246 mili-

161 2293 233 2335 tasse
254 2283 398 2334 memoriae
417 2279 559 2352 prodiium
580 2282 632 2344 sit,
651 2281 796 2353 probabile
816 2280 846 2334 fit
865 2282 1035 2334 Prisciauum
1052 2290 1177 2334 nostrum
1191 2299 1253 2334 ιιιιι.

162 2369 225 2424 Chr.
243 2375 304 2427 512·
324 2371 396 2421 circa
411 2370 522 2421 initium
535 2367 615 2438 hujus
630 2368 759 2421 adversus
775 2367 940 2422 Vitalianum
955 2367 1038 2431 belli,
1057 2377 1180 2440 tempore
1198 2389 1252 2442 quo

161 2459 266 2510 sinistri
281 2475 425 2510 successus
449 2458 518 2509 fama
540 2455 664 2509 noudum
686 2455 783 2508 urbam
804 2456 979 2528 percrebuit,
999 2475 1106 2509 carmen
1123 2454 1176 2510 hoc
1194 2457 1253 2510 edi-

162 2545 245 2600 disse.
263 2545 398 2616 Hypatius
419 2553 485 2616 post
508 2544 635 2598 avunculi
661 2562 802 2596 excessum
815 2543 928 2598 militiae
943 2529 999 2616 per'
1012 2544 1153 2598 Orientem
1167 2547 1253 2616 magi-

161 2642 217 2686 ster
230 2654 244 2687 ι
262 2634 419 2686 Justiniauo
433 2634 620 2695 renuntiatus,
638 2631 715 2685 brevi
727 2631 904 2703 postmodum
922 2634 1011 2704 spatio
1027 2631 1117 2685 Rufini
1132 2630 1252 2704 collegae

159 2719 301 2774 fraudibus
320 2730 506 2774 exauctoratus
524 2729 573 2773 est.
593 2723 741 2791 Procopius
760 2722 870 2774 Caesar.
893 2723 926 2772 rie
941 2723 1019 2774 hello
1041 2742 1110 2792 pers.
1132 2723 1205 2774 Libr.
1227 2724 1250 2776 Ι.

161 2832 220 2881 rap.
239 2831 279 2866 ιι.
295 2831 359 2881 pag.
374 2817 406 2865 δι
427 2823 453 2862 et
467 2816 510 2865 53.
531 2808 655 2861 Tandem
675 2826 719 2860 an.
740 2813 831 2871 filma
854 2807 935 2879 plebe
952 2807 1133 2861 tumultuante
1147 2809 1250 2863 invitus
1296 2847 1303 2862 2

160 2901 308 2970 imperator
320 2895 519 2968 proclamatur,
538 2905 566 2949 et
579 2898 607 2949 in
626 2898 729 2950 circum
746 2906 856 2968 raptus,
874 2905 971 2969 torque
994 2915 1072 2949 aurea
1088 2906 1250 2960 coronatus,

160 2987 189 3038 in
207 2985 276 3038 solio
293 2984 381 3049 sedit,
400 2983 451 3037 sed
465 3003 527 3038 mox
544 2986 727 3038 aJustiuiano
745 2983 923 3047 deturbatus,
943 2993 1038 3056 captus
1064 2994 1091 3036 et
1113 3003 1167 3036 una
1187 3004 1250 3038 oum

160 3074 200 3127 Fi.
214 3073 345 3145 Pompeio
359 3071 525 3126 consobrino
538 3072 691 3125 trucidatus
703 3075 771 3135 fuit,
791 3092 905 3143 corpora
918 3091 981 3125 vero
994 3073 1117 3144 ipsorum
1131 3073 1159 3124 in
1176 3091 1250 3126 mare

161 3160 273 3231 abjecte.
294 3163 356 3215 Vid.
371 3162 596 3231 Procopiumlmc
589 3181 673 3232 ..cap
683 3171 708 3224 4.
702 3179 808 3248 apag
802 3169 990 3232 ..·-75027l
955 3161 1119 3232 -Hypatii
1133 3169 1249 3214 mortem

159 3247 235 3321 luget
245 3250 372 3302 maanus
380 3249 535 3322 Aegyptias
551 3251 626 3320 apud
640 3251 757 3303 Branah.
768 3235 884 3302 ahalect.
898 3269 989 3322 graec.
982 3250 1101 3302 ..tom-li
1094 3269 1175 3322 ..pag
1169 3253 1246 3324 509

260 3392 422 3458 «Ὗιιαιίου
440 3397 535 3472 rapas
550 3390 625 3470 ειμι
644 3392 777 3453 rinurd’
796 3393 832 3452 οὔ
850 3415 923 3474 φημι
936 3395 1107 3454 uehuntur
1197 3408 1217 3428 ’·

260 3497 397 3558 «Τόσσου
415 3499 520 3555 ro'accs
537 3491 597 3556 ἐὼν
614 3497 775 3556 cacerias
791 3497 957 3571 sepapdpcv.

260 3603 354 3660 «Γαῖα
371 3599 427 3678 ydp
441 3596 580 3676 αἰδομένη
597 3605 678 3678 λιτῷ
690 3597 785 3680 μέγαν
804 3599 895 3673 ἀνέρα
906 3603 1008 3670 picem
1110 3667 1114 3674 .

260 3701 416 3778 Scripsisse,
432 3707 477 3810 ιῷ
497 3705 601 3780 cirros
616 3707 736 3776 μᾶλλον
753 3697 871 3760 idonea
888 3695 1003 3774 iscar

162 3874 255 3924 Gratia
274 3874 418 3940 interprete
439 3872 514 3940 apud
535 3871 695 3974 Bosschinm
715 3871 862 3942 Anthulog.
878 3889 968 3944 graec.
985 3873 1057 3926 Liar
1075 3873 1127 3926 Ill.
1146 3875 1184 3922 ιίι.
1200 3888 1242 3928 22

160 3964 226 4031 epig
241 3969 282 4022 is.
299 3971 363 4018 tom
379 3959 416 4010 li
435 3979 498 4029 pag·-
519 3963 576 4016 181.
1181 3993 1184 4000 ·
1220 3970 1225 4019 l

1222 4024 1224 4052 l
