2908 4814
604 376 790 396 *nnn-

245 454 320 528 Aut
336 457 367 528 si
384 451 611 530 tantumdem
627 452 742 526 laticis
757 474 922 530 sumatur
933 458 1136 555 utrimque,

247 568 423 645 Pondere
438 571 637 671 praestabit
649 573 792 668 gravim
798 598 809 662 3
829 574 860 642 si
872 569 1039 672 pondera
1057 597 1183 646 secum

154 686 220 762 115
249 687 489 778 Conveniunt,
498 686 800 784 tuncmajorerit,
809 711 903 785 quae
912 687 1164 760 tenuioruuda
1174 709 1238 761 est.

250 801 364 894 Quod
378 805 409 874 si
421 822 479 876 ter
493 822 637 906 septem
653 827 826 874 numeros
844 805 975 876 texisse
992 803 1146 903 cylindri

247 919 323 992 Hos
341 915 464 992 videas
481 909 626 1012 latices,
641 916 722 990 illos
738 919 880 1018 cepisse
894 937 952 992 ter
972 938 1055 993 octo
1063 973 1075 1011 ,

245 1033 309 1105 His
327 1031 500 1106 drachma
516 1035 657 1132 gravius
672 1035 817 1106 fatearis
832 1031 979 1133 pondus
994 1035 1114 1108 inesse
1123 1063 1134 1126 ;

246 1147 324 1228 Sed
341 1151 457 1249 refert
473 1151 581 1249 aequi
598 1168 738 1245 tantum
750 1150 919 1220 conferre
936 1148 1107 1248 liquoris,

155 1290 220 1338 120
247 1266 297 1338 Ut
308 1264 450 1362 gravior
465 1260 811 1366 superetdrachma‚
823 1267 1001 1363 quantum
1020 1264 1286 1366 expulitundae

246 1379 348 1452 lilius
368 1400 431 1450 aut
445 1378 577 1477 hujus,
595 1381 721 1453 teretis
737 1405 823 1479 pars
841 1405 960 1452 mersa
973 1377 1140 1480 cylindri.

245 1495 345 1578 Haeo
359 1492 602 1570 demensuris
610 1530 626 1586 ,·
636 1519 790 1594 qstamsm
803 1495 833 1564 si
850 1496 952 1591 signa
965 1498 1150 1595 requires,

244 1611 300 1682 Ex
314 1612 402 1711 ipsis
414 1607 736 1710 vetertnnpcteris
753 1634 953 1708 cognosere
970 1609 1117 1683 chartis.

293 1840 403 1916 Nunc
419 1838 518 1912 aliud
532 1839 679 1942 parturn
696 1841 842 1936 ingenio
860 1837 1045 1913 trademus
1063 1837 1206 1914 eodem.

153 1955 218 2032 125
244 1953 445 2053 Argentum
458 1955 557 2029 fulvo
574 1957 604 2028 si
622 1958 704 2055 quis
722 1957 942 2056 permisceat
955 1981 1065 2047 auro,

247 2071 433 2162 Quantum
447 2070 552 2168 idsit,
561 2097 683 2170 quove
690 2069 731 2142 id
737 2072 855 2171 possis
868 2069 1102 2172 deprendere
1115 2092 1235 2172 pacto,

224 2185 364 2292 ,Prima
381 2186 560 2286 Syracosii
578 2211 681 2258 mens
700 2184 868 2286 prodidit
884 2186 955 2258 alta
973 2189 1144 2284 magistri.

243 2303 380 2399 Regem
387 2299 545 2399 uanique
554 2303 679 2374 ferunt
687 2299 862 2394 Siculum,
876 2328 987 2401 quam
995 2322 1144 2376 voverat
1154 2302 1238 2375 olim

246 2416 470 2498 Caelicolum
487 2419 564 2514 regi
582 2443 626 2516 ex
643 2443 733 2488 auro
753 2417 921 2493 statuisse
941 2441 1132 2490 coronam:
1168 2471 1172 2478 .

152 2531 217 2606 130
245 2535 522 2634 Compertoque
538 2529 674 2604 dehinc
686 2533 804 2624 furto,
819 2552 902 2604 nam
910 2585 922 2624 ,
946 2551 1051 2632 parte
1075 2551 1236 2625 retenta,

241 2649 393 2747 Argenti
411 2645 638 2752 tantumdem
654 2649 777 2748 opifex
790 2648 986 2720 immiscuit
1004 2673 1112 2737 auro,

249 2765 381 2836 Orasse
399 2765 584 2862 ingenium
599 2766 705 2858 civis,
724 2765 788 2862 qni
801 2782 924 2836 mente
941 2765 1079 2860 sagaci,

244 2880 336 2970 Quis
349 2877 480 2954 modus
498 2880 637 2977 argenti
652 2877 751 2953 ful'vo
770 2878 928 2951 latitaret
943 2879 980 2950 in
993 2905 1101 2969 auro,
1246 2875 1363 2984 F‘c’kliff'·

242 2995 439 3096 Repperit,
464 2994 621 3087 inlaeso,
637 2993 742 3093 quod
757 2991 814 3065 dis
832 3014 910 3066 erat
923 3013 1007 3067 ante
1023 2991 1192 3066 dicatum.

151 3110 216 3184 135
243 3108 355 3202 Quod
372 3130 410 3185 te
419 3161 431 3201 ‚
446 3109 553 3209 quale
570 3111 662 3200 siet,
679 3111 805 3214 paucis
813 3163 826 3202 ,
847 3107 1013 3201 adverte,
1032 3107 1189 3184 docebo.

242 3225 422 3298 Lancihtrs
440 3227 614 3324 aequatis,
625 3224 1104 3328 quibushaecperpendere
1113 3251 1191 3298 mos
1205 3244 1276 3315 est,

153 3415 156 3422 ,
241 3340 392 3438 Argenti
410 3359 519 3440 atque
535 3339 757 3440 auri,.quod
773 3339 866 3414 edax
888 3343 1097 3442 purgaverit
1120 3342 1210 3439 ignis
1221 3393 1232 3431 ‚

158 3490 167 3500 ·
241 3455 413 3556 ImPoues
428 3456 560 3549 libras,
578 3475 710 3530 neutra
725 3476 767 3528 ut
783 3455 1077 3559 praeponderet·;
1092 3455 1232 3554 hasque

243 3570 441 3646 Submittes
457 3575 653 3672 inaqttam:
673 3597 763 3671 quas
777 3599 872 3674 pura
894 3592 937 3645 ut
957 3569 1230 3673 aspernanda,

151 3685 217 3776 140
242 3685 414 3794 Protinus
428 3688 575 3788 inclinat
586 3713 672 3790 pars
686 3686 790 3782 haee,
809 3715 905 3789 quae
918 3690 1074 3763 sustinet
1086 3713 1231 3798 aurum3

241 3803 399 3881 Densius
409 3801 648 3904 hoc-namque
661 3826 728 3897 est,
748 3805 856 3878 simul
867 3812 950 3881 adro
961 3798 1230 3876 crassiorunda.

242 3920 290 3994 At
310 3937 351 3994 tu
366 3921 452 3996 siste
469 3919 616 4018 jugum,
629 3918 818 4020 mediique
838 3919 1021 4006 acardiue
1044 3919 1180 4006 centri,
