2908 4814
660 313 725 381 loa

200 471 271 542 ⁵Ego
288 487 387 535 mam,
407 470 540 542 conjecto.
559 468 594 523 ld
612 477 669 534 eat,
687 474 712 525 si
732 491 764 525 ex
782 479 891 525 centum
908 470 1061 536 drachmis,
1081 493 1150 547 quae
1166 477 1238 545 graia

141 561 215 612 anina
240 567 300 622 est,
324 557 471 612 detraxeris
489 566 609 632 quartam
634 569 755 632 partem,
782 579 851 633 quae
876 559 1018 614 drachmae
1045 571 1111 614 sunt
1136 563 1235 632 viginti

141 649 278 721 quinque,
297 646 345 700 fiet
358 648 525 701 atticamna:
545 665 625 721 quam
639 647 710 702 dixit
727 667 759 702 ex
775 650 948 721 septuaginta
962 650 1084 723 quinque
1100 648 1236 702 drachmis

143 745 278 790 constare.
293 736 415 792 Vausr.
1050 767 1053 776 ι

213 824 291 878 Vers.
307 831 350 898 37.
372 826 533 896 Cecropium
547 839 686 896 superest,
700 824 773 878 Edd.
790 843 862 879 omn.
881 855 917 866 -
937 825 1096 898 Cecropium
1104 845 1237 896 superem,

142 911 213 964 Cod.
231 911 298 965 liobe
317 941 352 954 -
368 912 454 968 Nunc
469 926 590 985 superest
605 933 752 986 magnum,
772 912 843 967 Cod.
860 913 957 986 Regin.
975 943 1011 954 -
1028 913 1105 968 Nam
1118 926 1240 985 superest

141 1019 289 1074 magnum,
309 999 379 1052 cod.
395 1001 489 1071 Regin.

213 1089 389 1159 Cecropium,
408 1089 427 1141 i.
444 1107 466 1141 e.
483 1087 611 1152 atticum,
626 1085 785 1141 atheniense
799 1085 940 1140 talentum.
960 1087 1114 1140 Ceasar.

211 1177 348 1240 docuisse,
364 1174 438 1229 Edd.
453 1193 526 1231 omn.
544 1207 580 1218 -
598 1196 712 1242 vocare,
729 1174 799 1230 cod.
810 1174 877 1230 B'ob.
888 1192 952 1248 apr.
965 1193 1002 1227 m.
1018 1173 1069 1228 sed
1085 1193 1116 1228 ex
1127 1174 1238 1229 emend.

142 1282 213 1316 man.
231 1273 293 1317 tert.
311 1266 417 1317 dixisse.

212 1351 290 1405 Vere.
305 1357 349 1410 38.
368 1355 472 1414 minas,
485 1349 559 1405 Edd.
572 1370 674 1406 omnes.
689 1383 725 1394 -
741 1355 830 1415 minis,
844 1349 914 1405 Cod.
931 1347 1000 1404 Bob.
1015 1369 1085 1423 apr.
1102 1368 1174 1425 man,
1187 1349 1238 1402 aed
1256 1343 1259 1354 ¹

143 1457 175 1492 ex
194 1437 302 1492 emend.
320 1455 375 1492 sec.
393 1448 496 1512 recept.

210 1527 363 1599 Sexaginta
379 1533 485 1591 minae,
503 1527 590 1599 grajae
609 1535 676 1582 aunt
694 1547 743 1580 sex
762 1530 848 1582 miliia
865 1526 1073 1589 drachmarum,
1091 1535 1239 1598 postquam

141 1616 216 1666 mina
232 1623 342 1667 centnm
359 1612 499 1669 drachmas
514 1616 594 1671 valet.
614 1616 645 1670 si
661 1618 723 1688 quis
740 1624 831 1668 autern
846 1613 996 1668 contendat
1013 1633 1030 1666 a
1053 1631 1161 1684 semper
1175 1611 1238 1666 lon·

141 1721 205 1771 gum
222 1703 285 1754 esse'
302 1704 332 1755 in
348 1701 402 1756 fine
423 1699 521 1757 horum
542 1705 700 1767 nominum,
719 1708 848 1776 triginta,
872 1703 1080 1776 quadraginta,
1099 1705 1238 1773 quinqua-

139 1796 238 1862 ginta,
254 1795 419 1864 sexaginta,
437 1792 476 1844 ita
496 1800 528 1846 ut
548 1813 567 1846 a
590 1791 636 1846 hie
664 1810 774 1866 quoque
790 1790 975 1862 producatur,
992 1809 1058 1844 mna
1078 1808 1130 1862 pro
1150 1795 1238 1845 minas

140 1877 231 1950 legere
246 1887 336 1950 potes.
355 1879 474 1932 Vruer.

210 1968 267 2019 Seu
279 1972 334 2030 vis,
353 1967 425 2020 Edd.
444 1966 483 2039 pl.
499 1999 535 2016 -ψ
548 1987 597 2022 seu
611 1969 660 2032 tis,
678 1965 770 2022 codd.
786 1965 855 2023 Bob.
872 1966 967 2038 Regin.
985 1966 1015 2022 S.
1027 1964 1120 2022 Germ.
1140 1997 1175 2008 --
1188 1985 1237 2018 seu

139 2058 201 2116 nia,
217 2051 289 2108 Edd.
309 2055 407 2110 Venet.
422 2055 543 2128 Lipan.
563 2065 591 2110 et
606 2073 633 2112 2.

211 2141 326 2213 Vulgata
342 2153 433 2197 recta:
451 2149 527 2198 rivis
546 2145 620 2197 enim
635 2144 747 2207 utimur,
761 2163 845 2216 mum
860 2147 1013 2197 sententiae
1030 2141 1145 2212 alicujus
1158 2159 1236 2194 acoe-

139 2228 245 2297 dimus3
265 2233 290 2283 si
304 2232 399 2304 potius
414 2249 555 2284 numerare
567 2230 636 2287 velis
657 2249 708 2302 per
730 2229 887 2295 drachmas,
908 2240 975 2286 sunt
988 2247 1037 2286 aex
1050 2229 1152 2284 millia:
1172 2227 1236 2284 illu«

139 2317 287 2377 atrahimus
301 2316 368 2383 haec
384 2318 420 2372 ad
434 2319 562 2376 Suetonii
579 2317 655 2376 Libe.
672 2319 745 2373 LIX.
761 2318 939 2372 Boauauu.

209 2407 370 2469 drachmas,
384 2405 457 2460 Edd.
476 2425 549 2468 omn,
566 2438 602 2456 -,
619 2407 755 2478 dragmis,
779 2405 850 2460 cod.
868 2404 936 2459 Bob.
963 2424 979 2458 a
999 2425 1041 2478 pr.
1055 2423 1109 2469 m.‚
1126 2413 1158 2458 ut
1172 2423 1236 2458 mox

138 2494 217 2566 prius
234 2495 314 2548 initio
328 2491 408 2566 hujus
423 2511 517 2548 versus
534 2497 632 2556 minis,
652 2493 702 2546 sed
717 2512 750 2548 ex
766 2491 873 2546 emend.
890 2511 961 2545 man.
981 2511 1036 2546 sec.
1052 2494 1191 2564 dragmas.

207 2589 395 2648 Σολοινιίὲει
410 2607 473 2644 vero
490 2586 536 2642 hic
549 2583 660 2656 ve'rsus3
676 2590 816 2643 nonenim
830 2588 957 2658 dicimus,
972 2608 1021 2642 sex
1034 2591 1120 2642 miliia
1136 2589 1235 2640 drach-
1337 2603 1339 2611 ¹

136 2705 213 2750 mas,
232 2684 284 2738 sed
307 2686 514 2746 drachmarum,
537 2694 569 2738 ut
590 2693 656 2756 post
678 2686 777 2737 summi
796 2684 930 2740 Gronovii
955 2685 1120 2737 sententiam
1140 2702 1236 2737 omnes
1349 2694 1354 2702 “

57 2801 59 2808 ’
137 2763 257 2826 fatehtur
271 2771 443 2848 loquendum
458 2791 535 2836 esse,
553 2773 634 2846 qhem
655 2772 719 2828 ride
741 2773 819 2827 Libr.
839 2755 862 2826 l.
887 2772 922 2826 de
937 2791 1036 2846 pecun.
1062 2779 1116 2828 vet.
1131 2789 1190 2842 cap.
1207 2793 1233 2846 q.
1287 2783 1294 2808 ¹

139 2861 172 2916 Si
188 2859 304 2928 dixisset
317 2881 365 2914 sex
377 2848 464 2916 miliia
480 2860 639 2917 drachmum
659 2879 710 2933 pro
728 2861 938 2925 drachmarum,
956 2858 1068 2914 tolerari
1086 2861 1233 2932 potuisset.

138 2947 321 3007 Buranun

208 3037 286 3091 Vers.
305 3043 348 3111 39.
367 3035 493 3101 Athenis,
508 3035 579 3091 cod.
593 3035 661 3089 Bob.
675 3034 748 3090 Edd.
764 3055 837 3090 omn.
854 3069 890 3082 -
904 3041 989 3101 aenis,
1001 3034 1130 3089 conns.
1140 3034 1233 3090 Germ.

138 3123 233 3195 Regin.
252 3132 280 3176 et
294 3121 419 3190 Thaca„
437 3133 564 3198 utsupra
579 3141 649 3183 vers.
666 3127 708 3181 18.

210 3212 264 3263 Hic
277 3213 333 3265 iere
345 3214 479 3285 repetitur
494 3232 589 3270 versus
602 3231 684 3285 supra
699 3229 859 3284 expressus,
875 3229 901 3268 r.
920 3233 961 3286 ¹7·
977 3212 1145 3265 Lauerna.

208 3295 286 3351 Vere.
301 3307 344 3362 io.
367 3301 488 3355 Oboiove
502 3306 601 3366 minus,
614 3299 686 3354 cod.
702 3299 770 3354 lioh.
786 3299 858 3352 Edd.
869 3311 941 3353 omn.
954 3331 989 3342 —
1004 3301 1083 3353 obolo
1091 3303 1180 3353 minus
1195 3313 1234 3352 est

139 3383 209 3440 Cod.
226 3385 322 3456 Regin.
336 3387 370 3439 In
387 3387 460 3441 Edd.
477 3389 590 3454 Venet,
605 3392 647 3442 uti
664 3397 692 3440 et
708 3385 769 3440 aliis
787 3386 914 3441 omnibus
932 3397 1034 3459 recept.

207 3476 329 3547 majusve
338 3481 461 3540 talento,
477 3475 548 3533 cod.
561 3475 629 3533 Bob.
647 3475 720 3533 Edd.
736 3494 808 3530 omn.
825 3479 993 3550 —mcjusve
1007 3479 1150 3538 talentum,
1161 3472 1231 3528 cod.

138 3562 167 3616 S.
187 3559 279 3614 Germ.

192 3642 350 3714 ¹Budaeus,
361 3651 487 3716 Fortius,
502 3650 643 3716 Alcimus,
662 3649 790 3723 Agricola
811 3651 845 3705 dc
862 3651 905 3705 his
923 3652 1099 3726 quaesierunt
1114 3649 1232 3722 diligen-

137 3738 194 3790 tius
210 3755 242 3789 ex
257 3736 387 3804 Polluce,
406 3739 512 3795 Galeno
521 3780 530 3805 ‚
548 3739 636 3796 Snide
652 3749 680 3795 et
693 3740 763 3795 aliis.
782 3741 899 3796 Vener.

207 3824 267 3878 llos
279 3843 374 3881 versus
389 3831 525 3902 respicere
537 3829 647 3886 videtur
660 3830 782 3883 Isidorus
789 3831 959 3902 Hispalensis
975 3829 1052 3902 Orig.
1066 3829 1139 3882 Libr.
1150 3823 1232 3880 XIV.
1320 3845 1323 3850 ·

138 3933 197 3985 cap.
215 3923 259 3982 24.
279 3915 419 3968 scribens:
440 3916 603 3976 ,ruentum
626 3924 717 3970 antem
740 3935 875 3970 summum
889 3916 1001 3990 pondus
1027 3934 1087 3970 esse
1102 3912 1230 3986 perhibe-

141 4003 244 4060 «turin
261 4002 391 4058 Graecis:
410 4021 473 4058 nean
487 4002 556 4060 nihil
573 4015 615 4062 est
630 4004 723 4060 chalco
740 4007 847 4071 minus,
866 4003 935 4061 nihil
948 4005 1051 4062 talento
1069 4003 1180 4074 majus.»
