2950 4810
690 295 736 364 45

626 382 808 406 ...Τ-...-

172 466 303 518 ,stratum
315 458 424 530 imperii
441 455 570 512 Romani:
588 457 626 508 ita
642 465 673 508 ut
689 475 745 510 uon
757 457 869 510 minima
884 475 946 528 pars
962 455 1028 510 haec
1044 464 1263 532 essetmagistra·

173 557 253 610 «tus,
272 555 300 600 et
314 547 441 618 propria,
459 554 490 598 ut
504 553 618 608 vocant,
643 546 743 598 scrinia
764 543 892 609 haberet,
912 554 940 598 et
960 548 1141 612 numerarios,
1159 551 1207 622 qui
1221 569 1263 602 ra-

173 633 312 696 «tionibus
326 633 483 706 hujusmodi
493 641 649 705 praeerant,
668 634 741 686 viros
758 651 813 686 uon
830 631 981 698 obscuros,
1000 635 1048 707 qui
1062 635 1139 688 istud
1155 655 1264 702 munus,

173 723 306 796 ,perinde
332 741 364 776 ac
388 721 507 794 reliqua,
525 720 650 774 militiam
676 738 736 774 esse
755 731 906 776 censerent.
928 722 1013 794 Quod
1035 742 1098 776 cum
1118 723 1265 778 didicisset

173 812 356 873 ,suassaius
376 810 447 863 etad
458 819 582 862 senatum
597 808 745 873 retulisset,
763 809 853 864 scelus
868 809 921 863 lroc
938 829 1007 874 esse,
1026 819 1053 864 et
1066 829 1165 865 novum
1175 812 1263 886 quod·

173 889 254 960 «dam
273 907 352 973 atque
369 896 491 952 insolens
508 896 645 970 piaculum
660 896 719 968 jure
733 900 831 952 merito
843 887 1041 970 pronuntians,
1058 897 1118 971 lege
1131 899 1185 953 lata
1201 919 1263 954 saa·

173 989 246 1054 «xit5
264 995 295 1040 ut
317 987 428 1060 penitus
447 983 616 1040 aboleretur:
637 995 664 1038 et
682 984 804 1050 chartas,
826 1005 894 1059 quae
917 989 1066 1042 exactionis
1090 985 1170 1058 hujus
1189 990 1263 1042 noti·

174 1077 255 1136 ,tiam
271 1074 465 1139 continebant,
482 1073 612 1127 incendio
632 1076 811 1147 consumpsit.
831 1075 955 1150 Cumque
976 1073 1029 1129 hoc
1052 1075 1184 1148 vectigal,
1203 1086 1264 1130 tau·

173 1183 270 1238 „quam
285 1161 475 1217 holocaustum
491 1161 644 1234 quoddam,
660 1161 712 1214 deo
728 1165 833 1233 integre
858 1162 997 1216 immolare
1018 1163 1117 1228 vellet,
1141 1183 1175 1217 ne
1201 1167 1263 1238 quis

174 1255 260 1312 „forte
275 1270 307 1304 ex
322 1249 541 1324 imperatoribus,
554 1252 602 1324 qui
616 1259 681 1322 post
692 1251 784 1322 ipsum
799 1254 935 1322 regnaturi
950 1261 1034 1314 erant,
1051 1259 1130 1306 vetus
1146 1254 1264 1306 exactio-

173 1342 233 1400 ,nis
248 1338 325 1392 istud
340 1337 472 1410 probrum
496 1357 623 1392 renovare
649 1341 749 1392 iterum
769 1349 879 1410 posset,
899 1337 991 1393 dolere
1010 1359 1039 1392 se
1063 1335 1217 1403 simulavit,
1236 1349 1265 1392 et

171 1427 389 1500 «imprudentiae
413 1445 443 1478 se
464 1427 555 1498 ipsum
578 1445 709 1480 accusans
732 1435 813 1499 atque
831 1437 964 1480 extremae
986 1425 1154 1491 dementiae,
1173 1427 1265 1482 aiebat

172 1535 218 1577 «se
233 1516 309 1568 inani
322 1514 423 1586 gloriae
437 1515 551 1568 nimium
565 1514 741 1578 tribuentem,
759 1515 927 1586 reipublicae
943 1513 1085 1569 commoda
1101 1515 1264 1586 neglexisse,

173 1613 349 1676 “tantumque
365 1601 482 1674 vectigal
497 1601 671 1676 amajpribus
687 1603 853 1667 institutum,
872 1613 899 1656 et
915 1613 969 1656 tarn
985 1603 1115 1656 diuturno
1133 1606 1266 1675 temporis

173 1693 280 1765 «spatio
297 1691 501 1754 confirmatum,
519 1700 620 1742 temere
641 1699 669 1742 et
694 1689 850 1743 inconsulte
877 1690 1036 1744 sustulisse:
1055 1711 1087 1744 ac
1110 1710 1199 1764 neque
1213 1693 1265 1744 im·

174 1782 322 1842 ,minantia
342 1777 478 1852 pericula,
501 1796 590 1851 neque
616 1787 721 1831 sumtus
744 1781 784 1832 roi
802 1777 944 1843 militaris,
963 1781 1011 1852 qui
1033 1789 1098 1832 sunt
1114 1781 1192 1853 quasi
1206 1782 1265 1835 viva

173 1868 323 1942 ,quaedam
337 1866 541 1940 propnguacula
557 1865 743 1939 reipublicae,
760 1885 888 1932 nereos,
908 1869 955 1941 qui
979 1865 1013 1920 ad
1028 1867 1133 1920 cultum
1155 1866 1201 1921 dei
1216 1887 1265 1921 ue-

173 1957 302 2017 «cessarii
317 1964 398 2019 sunt,
416 1957 506 2008 animo
519 1955 713 2028 perpendisse.
727 1953 804 2009 Nihil
820 1957 904 2027 igitur
919 1975 1027 2020 eorum,
1046 1958 1159 2028 quaein
1175 1961 1265 2010 annno

153 2063 155 2073 ⁴
173 2042 307 2104 ,habebat
322 2041 478 2106 declarans,
491 2041 566 2096 'velle
583 2059 612 2096 se
630 2043 699 2097 dixit
717 2062 798 2116 supra
813 2053 991 2098 memoratum
1003 2042 1121 2116 vectigal
1137 2047 1265 2102 restitue-

173 2149 235 2198 «τες
252 2149 369 2203 cumque
386 2149 447 2195 eoa,
467 2133 514 2205 qui
528 2129 654 2202 vectigali
673 2134 825 2205 praepositi
850 2142 941 2197 erant,
960 2132 996 2186 ad
1015 2151 1045 2186 se
1061 2142 1215 2198 evocasset,
1234 2151 1265 2186 se

173 2220 303 2294 ,quidem
318 2220 384 2272 sacti
397 2220 540 2291 poenitere
553 2220 642 2272 fassus
657 2227 716 2272 est:
736 2219 787 2272 sed
803 2221 871 2294 quid
884 2219 1020 2292 agendum
1033 2221 1071 2274 sit
1085 2222 1201 2284 nescire,
1213 2239 1265 2274 nec

173 2327 241 2380 «qua
253 2309 322 2360 ratio
337 2315 453 2359 erratum
465 2323 544 2358 suurn
560 2305 703 2358 emendare
714 2307 822 2376 possit,
841 2307 941 2361 chartis
965 2308 1092 2362 omnibus
1115 2328 1147 2361 ex
1164 2308 1264 2382 quibus

163 2393 329 2465 ¹„vectigalis
343 2395 441 2448 notitia
457 2395 565 2467 percipi
578 2402 696 2470 poterat,
702 2396 765 2464 igne
781 2398 960 2467 consumptis.
980 2396 1040 2448 Illis
1054 2414 1118 2450 vero
1132 2415 1187 2448 uon
1204 2397 1265 2469 qui·

174 2483 254 2543 «dem
270 2482 405 2546 simulate,
424 2482 475 2536 sed
488 2501 517 2534 re
531 2483 591 2554 ipsa
608 2491 689 2555 atque
709 2501 742 2534 ex
759 2483 849 2535 animo
864 2480 982 2552 vectigal
997 2468 1214 2554 deplorantibus,
1228 2485 1264 2538 ob

172 2571 316 2632 ,illicitum
334 2579 493 2643 quaestum,
512 2589 593 2642 quem
614 2589 645 2622 ex
666 2568 715 2623 illo
735 2571 877 2642 percipere
902 2577 1111 2636 consveverant3
1139 2580 1166 2622 et
1181 2573 1265 2624 maxi-

170 2679 257 2722 ,mam
270 2657 387 2732 perinde
405 2656 592 2712 difficultatem
607 2656 867 2730 praetendentibus:
885 2655 1009 2732 hortatus
1032 2666 1075 2711 est
1088 2677 1135 2712 eos
1150 2659 1265 2712 Anasta·

171 2749 262 2812 «sius,
278 2755 311 2798 nt
327 2744 455 2799 omnibus
471 2745 562 2798 modia
580 2754 765 2798 scrutarentur
782 2765 813 2798 ac
828 2747 1051 2817 pervestigarent,
1070 2765 1135 2800 uum
1149 2748 1220 2800 forte
1233 2767 1265 2800 ex

172 2834 308 2898 (stabulis,
326 2853 395 2907 quae
416 2834 532 2904 singulis
555 2831 676 2888 in-locis
698 2843 870 2888 coacervatae
894 2844 1003 2898 esseut,
1020 2837 1106 2888 totius
1122 2834 1264 2904 vectigalis

172 2923 317 2996 “exigendi
334 2924 467 2975 rationem
483 2931 599 2994 possent
617 2924 745 2994 reperire.
766 2922 926 2976 Constituto
948 2924 1040 2996 itaque
1057 2922 1172 2994 siugulis
1195 2922 1263 2983 sala·

171 3015 245 3076 «rio,
264 3010 299 3064 ad
314 3010 514 3084 conquirendas
530 3008 634 3062 chartas
650 3029 696 3063 eos
713 3012 799 3074 misit,
816 3009 930 3082 jubens,
950 3019 981 3063 ut
996 3030 1173 3083 quaecuuque
1190 3008 1265 3062 char-

171 3111 229 3160 «tae
248 3097 389 3171 vectigalis
403 3097 478 3150 illius
491 3099 617 3150 notitiam
634 3099 809 3171 suppeditare
826 3107 950 3170 possent,
969 3097 1126 3171 ubicunque
1141 3096 1264 3150 locorum

150 3181 153 3186 ¹
172 3199 310 3262 “repertae
328 3195 436 3252 essent,
454 3186 489 3238 ad
505 3188 597 3258 ipsum
613 3187 832 3249 destinarentur,
850 3196 882 3239 ut
898 3185 1030 3258 singulari
1045 3185 1155 3238 solertia
1174 3206 1204 3239 ac
1220 3187 1264 3240 di-

172 3276 316 3348 sligentia,
334 3276 419 3329 totius
434 3273 574 3345 vectigalis
589 3276 657 3328 ratio
677 3275 776 3326 iterum
794 3284 1011 3346 componeretur.
1031 3275 1156 3327 Reversis
1174 3284 1264 3328 autem

172 3365 327 3438 ,aliquanto
345 3373 410 3435 post
425 3365 469 3427 iis,
489 3362 589 3436 quihus
606 3362 637 3416 id
653 3364 758 3433 negotii
770 3362 927 3416 mandatum
940 3363 1035 3426 fuerat,
1053 3359 1147 3415 hilaris
1163 3383 1194 3415 ac
1209 3364 1264 3417 sin-

94 3515 117 3534 „
171 3453 275 3526 «gulari
292 3451 390 3523 gaudio
405 3453 533 3523 perfusus
547 3451 691 3506 videbatur
706 3453 873 3516 Anastasius,
882 3461 909 3504 et
925 3449 1060 3522 gaudebat
1074 3469 1174 3516 revera,
1184 3453 1264 3524 quip-

86 3525 91 3536 Δ
172 3562 223 3617 «pe
239 3543 287 3616 qui
304 3540 351 3604 id,
370 3540 446 3613 quod
463 3540 576 3613 optabat
591 3550 755 3594 consecutus
765 3549 846 3594 esset.
864 3539 1079 3593 percontabatur
1092 3540 1184 3612 itaque
1198 3561 1263 3613 qua-

172 3650 251 3691 ,uam
267 3632 387 3694 ratione,
407 3638 434 3682 et
451 3629 525 3702 apud
542 3649 612 3703 quos
629 3639 750 3703 repertae
766 3629 884 3682 fuissent
901 3626 1023 3691 chartae,
1043 3636 1071 3680 et
1084 3647 1151 3680 nuru
1165 3647 1198 3680 ex
1212 3625 1263 3680 lru·

173 3717 309 3792 ,jusmodi
329 3720 513 3772 monumentis
536 3710 684 3792 quidquam
706 3725 871 3788 superesset.
889 3715 950 3769 Illis
968 3735 1031 3770 vero
1052 3713 1263 3779 affirmantibus,

173 3807 305 3870 «multum
322 3825 351 3860 se
367 3805 522 3870 lahorasse,
541 3815 573 3860 ut
591 3805 695 3858 chartas
711 3805 772 3858 illas
786 3806 987 3878 conquirerent,
1002 3815 1030 3858 et
1045 3824 1095 3877 per
1109 3805 1263 3877 principem

174 3901 283 3972 t,ipsum
297 3894 469 3968 jurantibus,
486 3893 589 3948 nullam
602 3893 682 3948 aliam
698 3891 824 3958 chartam,
844 3913 877 3946 ex
892 3913 944 3966 qua
960 3893 1101 3965 vectigalis
1117 3890 1197 3963 hujus
1211 3910 1262 3946 no·

174 3988 250 4045 „titia
266 3986 372 4059 percipi
380 3993 485 4057 posset,
495 3986 524 4038 in
538 3985 665 4040 universo
680 3984 795 4055 imperio
806 3983 926 4036 Romano
935 3983 1058 4054 reperiri,
1077 3999 1169 4036 rarrsus
1186 3978 1263 4034 char·
