2908 4814
561 264 773 396 zur.

136 461 207 523 «sis,
224 459 355 522 semisse,
372 455 475 514 vocalis
488 463 563 510 muts
579 465 622 510 est
638 457 781 510 insonum
797 475 829 510 οι
846 455 978 530 numerali
992 455 1229 522 verhoadscitum,

140 551 198 608 «sic
212 547 304 620 possit
316 545 405 602 videri
420 548 450 599 in
467 548 542 599 bissis
555 546 567 600 i
583 546 735 617 scriptum,
754 545 831 617 quod
850 563 883 598 ex
899 547 943 610 bi,
961 543 1065 616 syllaba
1081 543 1231 608 numerali,

137 633 255 695 ,vocalis
270 636 281 687 i
299 633 405 688 adscita
417 635 479 688 sit.»
501 634 560 703 Gsr.
571 638 652 687 etiam
659 635 808 688 Daoerium
824 633 863 687 ad
876 635 970 705 Pomp.
983 636 1094 688 Festum
1109 635 1143 687 de
1159 635 1230 688 verb.

134 727 228 797 signffi
244 725 308 778 edit.
322 723 436 778 Amatel.
454 724 523 796 1699
535 742 601 795 pag.
615 727 658 780 51.

207 811 285 866 Vers.
302 815 347 868 5ι.
362 811 449 864 Iidem
460 823 634 882 septuncem,
652 807 725 862 Edd.
744 840 779 850 -
796 809 873 864 Idem
890 809 1145 883 septunciem,Cod.
1160 809 1228 864 Bob.

136 920 151 950 a
164 918 207 971 pr.
222 917 258 952 m.
274 896 347 952 sedi
363 899 394 950 in
403 902 584 970 septuuciem,
602 915 618 948 a
632 915 714 950 manu
729 907 832 952 recent.
846 900 960 970 punctis
976 907 1109 953 notatum.

205 991 373 1060 quincunce,
391 984 464 1039 Edd.
480 1016 516 1028 —
530 1003 662 1058 qcmque,
678 984 749 1040 Cod.
767 984 835 1039 Bob.
861 1005 877 1038 a
896 1005 938 1058 pr.
955 1007 991 1040 m.
1009 985 1105 1040 sed'cx
1121 984 1230 1040 emend.

135 1083 197 1128 tert.
217 1082 319 1147 recept.
338 1105 375 1118 -
391 1078 560 1148 cinctaeque,
575 1071 665 1127 Codd.
683 1072 712 1126 S.
731 1072 824 1127 Germ.
842 1081 871 1128 et
883 1075 979 1146 Regin.

205 1163 342 1220 vers-53·
359 1161 542 1234 Numquae,
562 1159 636 1214 Edd.
655 1147 698 1232 pt'
717 1191 753 1203 -
769 1181 904 1236 numque,
924 1162 995 1217 Cod.
1011 1161 1080 1218 Bob.
1101 1181 1117 1216 a
1132 1181 1173 1235 pr.
1194 1181 1230 1214 m.

136 1249 187 1302 sed
201 1268 233 1304 cx
248 1248 355 1304 emend.
369 1267 440 1302 man.
458 1257 520 1303 tert.
530 1256 632 1320 recept.
651 1281 687 1292 -
705 1268 769 1302 nam
778 1254 837 1323 qui,
850 1249 904 1305 Ed.
913 1251 1012 1306 Venet.
1026 1281 1059 1294 -
1075 1251 1232 1324 namquod,

133 1336 206 1390 Edd.
223 1338 316 1393 Vinet.
332 1339 429 1392 Const.
445 1337 475 1390 in
490 1354 574 1407 marg.
591 1334 663 1391 Pith.

204 1426 364 1489 dimidiant,
381 1423 455 1479 Edd.
473 1442 546 1479 omn.
565 1454 598 1468 ·-
618 1413 781 1488 dimediuru,
801 1423 872 1480 Cod.
887 1423 955 1479 Bob.
1286 1495 1288 1502 .

206 1514 285 1569 Vers.
303 1520 345 1578 54.
371 1516 477 1575 Tenui,
501 1510 574 1566 Edd.
593 1543 629 1560 -
647 1517 753 1576 annu,
773 1511 844 1568 Cod.
868 1510 936 1566 Bob.
960 1530 975 1564 a
1002 1529 1045 1584 pr.
1060 1530 1096 1566 m.
1114 1512 1165 1566 sed
1184 1534 1199 1567 a
1217 1533 1233 1566 a

136 1619 218 1658 manu
237 1602 386 1656 recentiori
401 1602 514 1673 punctis
529 1608 661 1654 notatum.

207 1694 236 1742 in
247 1691 370 1761 pulvere,
387 1688 459 1743 cod.
475 1688 543 1742 Bob.
558 1687 631 1743 Edd.
649 1687 688 1762 pl.
702 1720 737 1732 -
753 1709 768 1742 e
782 1691 904 1760 pulvere,
917 1686 991 1741 Edd.
1007 1687 1105 1741 Venet.
1119 1687 1232 1760 etLips.

205 1775 335 1830 Dubitari
353 1786 465 1849 potest,
491 1796 525 1830 au
540 1775 586 1830 hic
601 1777 688 1832 Musa
700 1775 827 1830 medicus
841 1777 925 1830 fuerit
937 1774 985 1830 ills
1002 1776 1119 1847 Augusti
1135 1777 1234 1830 Caesa-

135 1866 189 1927 ris,
204 1863 280 1935 cujus
295 1866 421 1920 meminit
434 1864 533 1919 Celsus
546 1883 602 1919 uno
619 1862 759 1938 alteroque
773 1863 847 1928 loco,
867 1873 897 1917 ct
912 1862 1063 1939 posthunc
1078 1863 1195 1928 Plinius,
1206 1873 1234 1920 et

134 1955 207 2005 inter
220 1969 331 2022 graecos
349 1954 499 2024 scriptores
516 1951 653 2016 Galenus,
671 1970 706 2005 an
721 1950 790 2004 alius
808 1953 952 2024 quispiam.
972 1952 1127 2013 Cessas.

206 2039 318 2092 Frustra
332 2043 487 2115 quaeritur,
504 2043 589 2096 Musa
600 2040 735 2101 medicus,
745 2059 779 2092 an
794 2039 863 2094 alius
875 2038 921 2094 hic
936 2039 1072 2092 laudetur.
1091 2038 1160 2094 Nam
1168 2041 1234 2094 Mn·

134 2147 167 2182 sa
180 2129 343 2201 academias
359 2132 472 2202 pulvere
495 2138 537 2182 est
558 2147 633 2182 mera
656 2127 808 2200 descriptio
825 2129 891 2182 artis
909 2129 1088 2200 geometricae
1099 2167 1107 2192 ,
1119 2137 1151 2181 ut
1164 2128 1235 2181 infra

135 2233 205 2268 vers.
224 2232 284 2272 120.
300 2217 458 2270 mechanica
478 2235 556 2270 mura
577 2214 713 2268 laudatur.
731 2213 920 2270 Mathematici
942 2215 1072 2270 dicuntur
1094 2215 1182 2270 lineas
1206 2226 1235 2270 et

133 2302 232 2372 figuras
251 2319 313 2356 suas
330 2304 360 2356 in
376 2302 489 2377 pulvere
508 2302 617 2357 discere.
636 2303 729 2355 Docet
747 2304 877 2356 Barcinus
891 2305 936 2356 ‘ud
955 2305 1055 2360 ctaad.
1079 2307 1113 2360 de
1131 2309 1237 2360 consol.

135 2411 202 2444 vers.
218 2393 269 2450 126
285 2389 337 2442 uhi
350 2399 379 2445 et
392 2387 466 2442 hunc
478 2392 568 2444 nostri
581 2387 674 2444 locum
690 2387 813 2442 adducit
832 2391 944 2445 Wsar
954 2409 1001 2444 sn.

207 2470 265 2534 cfr.
284 2495 353 2549 quae
368 2485 462 2531 notata
480 2487 547 2532 suut
569 2478 604 2532 ad
625 2496 707 2531 carm.
724 2477 841 2532 licentii
863 2482 934 2534 inter
955 2479 1055 2534 Poetae
1073 2479 1151 2540 latin.
1168 2485 1232 2535 min.

138 2567 201 2620 edit.
216 2567 303 2620 Paris.
318 2579 381 2620 rom.
389 2568 445 2621 111.
460 2586 526 2639 pag.
541 2575 604 2630 ἀοι.
619 2565 794 2618 Lauerna.

205 2653 284 2707 vers.
299 2659 343 2712 55.
362 2667 403 2708 est
424 2658 583 2718 semuncia,
605 2652 679 2708 Edd.
698 2671 771 2709 omn·
788 2682 826 2698 ·-
843 2673 900 2710 esse
920 2659 1020 2717 uncie,
1043 2652 1115 2708 Cod.
1132 2653 1201 2708 Boh.
1220 2674 1236 2708 a

135 2760 179 2814 pr.
193 2740 293 2794 maed
308 2757 340 2794 ex
355 2745 462 2795 emend.
480 2761 536 2796 sec.
550 2754 619 2796 esset
632 2746 731 2806 uncia,
750 2749 779 2794 et
790 2761 805 2794 a
818 2750 881 2796 tert.
896 2750 999 2815 recept.

206 2829 284 2883 Vers.
300 2831 344 2888 56.
369 2831 448 2884 Ηαοσ
471 2830 505 2883 de
527 2829 711 2902 ponderibus,
735 2827 806 2883 cod.
827 2830 896 2885 Bois.
920 2839 949 2884 et
968 2827 1137 2902 Guelphcrb.
1154 2849 1234 2884 uuus.

140 2915 214 2970 Edd.
225 2915 317 2971 Vinet.
331 2916 431 2980 [Cenat.
449 2917 479 2969 in
491 2935 574 2988 marg.
588 2915 660 2970 Pith.
671 2915 807 2971 Wernsd.
825 2948 861 2960 -
878 2930 906 2972 et
919 2919 954 2971 de
965 2919 1149 2991 ponderibus,
1161 2919 1233 2974 Edd.

138 3006 235 3060 Venet.
252 3005 360 3060 Cacsar.
374 3005 465 3059 Burm.
713 3059 715 3062 .

142 3141 145 3146 .
207 3093 285 3146 vers.
298 3097 466 3167 57.‘mavia,
482 3091 555 3147 Edd.
571 3109 644 3148 omn.
655 3125 693 3140 ·-
708 3095 804 3156 mulir,
822 3091 914 3146 Codd.
931 3091 999 3148 Bob.

208 3180 287 3234 Vers.
299 3186 344 3240 58.
361 3183 518 3255 pandetur,
534 3181 605 3234 Cod.
619 3180 688 3236 Bob.
703 3179 776 3234 Edd.
793 3199 865 3234 omn.
884 3211 920 3225 -
933 3183 1084 3255 pandatur,
1099 3181 1191 3238 Codd.
1203 3182 1233 3239 S.

140 3269 233 3324 Germ.
251 3277 280 3320 et
295 3269 391 3340 Regin.
407 3288 422 3322 a
436 3287 508 3322 man.
525 3287 580 3324 sec.

215 3358 321 3430 Origo,
337 3357 399 3428 ipsa
414 3375 514 3431 nempe
527 3355 664 3431 amphora,
683 3375 752 3431 quae
771 3366 827 3410 crat
843 3357 1012 3429 principium
1028 3366 1056 3412 et
1070 3355 1145 3411 basis
1157 3377 1235 3413 men·

141 3463 265 3498 surarum
280 3442 356 3517 apud
368 3446 515 3510 Romanos,
533 3454 562 3499 et
577 3463 593 3498 e
610 3443 740 3520 quadrato
750 3443 822 3517 pede
831 3444 1005 3509 formabatur,
1024 3446 1145 3518 quamvis
1157 3445 1235 3501 dein-

142 3550 208 3604 ceps
225 3531 418 3587 commodioris
434 3534 601 3604 ususgratia
623 3535 709 3586 forms
727 3540 836 3586 externa
857 3534 928 3588 vasis
944 3541 1036 3587 ansata
1050 3535 1136 3598 facta,
1154 3543 1236 3609 atque

141 3620 208 3676 hinc
222 3618 349 3694 amphora
362 3630 458 3675 vocata
476 3628 526 3676 est.
544 3622 658 3676 Wsan
667 3639 680 3674 s
690 3641 716 3674 n.

197 3709 291 3762 ‘Vera
306 3713 349 3784 59.
368 3710 419 3764 Pes
430 3713 513 3783 longo
522 3714 646 3782 inspectio
663 3709 1235 3783 latoquealtoquenotetur,Cod.Bob.scd

144 3821 160 3851 o
175 3799 205 3851 in
219 3802 309 3870 spatio
325 3815 437 3850 erasum.
451 3829 488 3842 -
504 3800 555 3854 Pes
572 3801 655 3870 longo
671 3801 701 3850 in
720 3804 809 3869 spatio
826 3801 938 3870 latoque
953 3811 1062 3856 notetur
1081 3804 1111 3852 iu
1131 3802 1215 3871 anglo
1222 3840 1234 3864 ,

145 3884 236 3939 Codd.
251 3886 346 3956 Regin.
356 3886 385 3940 S.
396 3885 489 3940 Germ.
508 3887 568 3960 (qui
581 3893 671 3938 temen
681 3889 784 3958 ungulo
800 3883 910 3956 habet‚)
927 3883 1000 3939 Edd.
1019 3887 1125 3941 Caesar.
1136 3886 1233 3941 Const.

146 3977 175 4026 in
193 3983 258 4029 text.
275 3975 365 4029 Burm.
384 4005 417 4019 ·-
436 3977 488 4030 Pes
509 3980 592 4049 longo
615 3979 704 4047 spatio
720 3987 803 4047 atqua
819 3977 875 4028 alto
890 3976 1003 4047 latoque
1018 3988 1144 4040 notetur,
1160 3971 1233 4029 Edd.
