2908 4814
697 233 748 305 71·

84 457 89 463 ,
163 413 324 475 «parasset,
344 403 451 467 effecit3
471 411 500 456 ut
516 401 574 454 Afri
592 383 712 474 priorem
726 403 826 458 Marini
842 404 1106 460 administrationem
1122 405 1263 461 desidera·

164 500 262 551 arent:
282 493 392 546 tametsi
408 489 476 544 alios
494 491 627 545 aMarino
641 491 723 546 bonis
749 495 806 545 suis
831 491 981 566 spoliatos,
1000 491 1068 547 alios
1092 495 1263 548 mortemol·

165 589 275 646 notatos
291 581 495 642 meminissent,
515 582 616 632 etenim
636 598 692 633 non
711 583 862 655 propinqui
876 590 998 646 tantum,
1017 580 1068 634 sed
1086 585 1166 635 etiam
1182 586 1263 638 amici

164 686 281 728 «omnes
299 687 329 719 ao
345 667 489 722 familiares
504 667 615 732 Marini,
634 670 760 722 dirorum
777 679 858 742 atque
874 671 1071 742 Aegyptiorum
1086 670 1263 725 facultatibus

163 763 365 852 «cupiditatem
389 781 463 816 suam
488 765 687 838 expleverunt.»
707 767 761 819 Pro
780 769 938 823 Mariana
955 763 1009 818 ho'o
1032 763 1122 820 loeo
1114 785 1143 818 ιιι
1159 767 1265 822 Surdae
1283 761 1287 782 ’
1373 765 1379 774 “

161 851 286 903 editions
304 829 399 904 Colvn·
415 854 483 926 1619
497 867 559 906 tona
578 854 602 905 I
617 873 682 925 pag
699 857 759 910 252
779 852 927 910 Acerrae
950 854 1049 908 vitiose
1066 850 1182 922 legitur,
1210 873 1264 926 qna

161 943 319 1002 lectione
311 965 340 998 ιιι
361 944 443 998 alium
470 965 588 1000 errorem
603 946 733 1000 inductus
753 948 874 1020 Congius
883 951 981 1018 famil,
995 949 1111 1020 Byzant.
1131 971 1196 1022 pag
1211 957 1262 1013 52,

162 1053 249 1106 quem
262 1035 381 1088 Reiskius
393 1036 431 1087 ad
446 1035 596 1108 Antholog.
613 1057 678 1108 pag.
704 1039 751 1092 151
777 1045 878 1088 temere
896 1038 1037 1110 sequitur,
1054 1035 1191 1089 Marinum
1209 1036 1262 1089 Lu-

162 1131 206 1180 zis
229 1127 262 1180 ah
285 1148 333 1182 avo
355 1130 524 1202 praefectum
545 1131 631 1184 fuisse
651 1129 839 1184 hallucinatur.
859 1131 992 1185 Ki'rsterus
1015 1141 1105 1185 autem
1123 1131 1172 1188 rei:
1193 1137 1266 1190 «Su-

168 1217 323 1292 «γατριδῲ
337 1215 491 1290 Μαρινῳ»
516 1219 635 1289 pessime
650 1219 845 1290 interpretatur
868 1217 991 1277 ..Marino
1011 1220 1113 1274 sororis
1129 1219 1266 1270 Anastasii

166 1317 272 1381 ..filios
293 1323 494 1396 θυγατριδοῦς
516 1322 587 1372 enim
604 1319 673 1374 filiae
698 1320 771 1375 filius
790 1320 905 1384 dicitur,
925 1320 1155 1392 quemadmodum
1173 1323 1271 1397 Saye-¹
1362 1311 1364 1320 ’

139 1429 140 1434 ’
164 1423 253 1494 τριὸῆ
271 1419 346 1490 ιιΙιιο
363 1421 418 1474 lilia
431 1422 517 1487 audit,
529 1433 561 1476 ut
576 1425 762 1498 inquitJulr'us
770 1426 871 1478 Poltma
884 1427 913 1476 in
931 1425 1071 1477 Onomast.
1083 1425 1145 1477 edit.
1155 1424 1262 1478 Lederl.

165 1525 356 1578 etHemsterls.
374 1521 524 1580 Amstelod.
552 1531 620 1601 1706
639 1531 741 1581 tom.I.
754 1549 820 1602 pag.
835 1535 904 1602 274:
928 1525 963 1588 «ὁ
981 1525 1015 1583 δὲ
1031 1524 1181 1603 θυγατρὸς
1197 1523 1266 1580 vids

168 1629 408 1704 «Svyarpadoirs,
428 1619 531 1700 ὥσπερ
552 1625 570 1704 ἡ
589 1632 640 1702 τῆς
663 1630 815 1710 θυγατρὸς
831 1623 968 1708 θυγάτηρ
984 1630 1187 1707 summatim
1209 1646 1265 1680 non

164 1731 258 1774 autem
271 1724 372 1776 sororis
387 1723 468 1778 filius.
487 1725 546 1780 Nec
569 1744 663 1780 verum
683 1735 741 1788 est,
762 1725 836 1798 quod
855 1727 990 1778 Kitsterus
1008 1721 1180 1797 praetendit,
1200 1723 1265 1776 Sui·
1347 1783 1349 1792 γ

166 1807 229 1862 dam
244 1819 334 1865 totum
346 1810 420 1886 huno
440 1810 474 1864 de
489 1813 631 1864 Anastasio
653 1809 745 1866 locum
755 1853 769 1876 ,‚
780 1832 812 1865 ex
829 1816 965 1886 excerptis
983 1813 1159 1865 Constantini
1181 1831 1196 1862 a
1209 1812 1264 1863 Va·
1290 1857 1292 1863 .

166 1895 236 1950 lesio
252 1898 334 1951 editis
354 1901 576 1972 transcripsisse:
602 1901 656 1952 imo
673 1900 798 1955 Valesius
819 1912 945 1972 excerpta
953 1923 962 1974 ι
982 1900 1032 1962 «de
1052 1893 1263 1970 imperatoribus

167 1985 308 2045 «Orientis
325 1985 440 2061 aliisque
464 1987 499 2040 ad
516 1968 849 2070 Constantinopplitanam
869 1987 1011 2042 historiam
1038 1986 1227 2060 spectantibus
1239 2001 1261 2048 ,ο

166 2093 233 2146 quae
251 2075 311 2144 ipse
335 2094 349 2126 e
376 2073 462 2128 Suida
479 2075 687 2147 compilaverat,
708 2077 884 2130 Constantini
906 2077 1041 2148 excerptis
1060 2075 1210 2146 subjunxit.
1230 2107 1264 2118 --

107 2215 110 2222 ,
166 2161 294 2230 Ceterum
321 2162 355 2215 de
372 2163 480 2216 Marino
497 2159 549 2215 hoc
567 2163 702 2216 Anastasii
722 2184 735 2216 e
752 2163 806 2216 lilia
821 2173 931 2236 nepote,
944 2179 1012 2216 ‘cum
1029 2165 1167 2216 anemius
1185 2183 1264 2236 prae·

165 2258 207 2301 ter
223 2249 337 2302 suidam
353 2250 502 2325 quidquam
515 2249 656 2322 proditum
671 2253 723 2314 sit,
743 2253 855 2310 citatum
873 2251 974 2305 Suidae
990 2250 1083 2304 locum
1095 2261 1263 2322 corruptum,

165 2363 318 2419 nomenque
336 2341 378 2400 ιιι
395 2344 510 2397 materni
529 2344 630 2398 Marini
651 2354 712 2397 ante
730 2347 906 2423 θυγατριὸῷ
927 2343 1080 2409 excidisse,
1104 2346 1148 2400 vel
1170 2345 1263 2416 legen-

167 2447 231 2500 dum
245 2466 320 2502 esse:
344 2447 536 2526 «θυγατριὸῳ
552 2446 716 2519 Μαρινου»
742 2449 889 2520 (Praefecti
901 2449 1038 2520 praetorio
1049 2446 1100 2500 suh
1110 2449 1262 2510 Anastasio,

165 2543 219 2597 vid.
239 2546 380 2602 Valetium
403 2545 441 2596 ad
454 2546 569 2615 Evagrii
581 2564 646 2615 pag.
659 2546 724 2616 578)
743 2545 877 2616 suspicari
891 2541 966 2598 licet.
985 2575 1021 2590 -ψ
1037 2544 1167 2598 Basianus
1176 2543 1259 2596 Mari-

165 2634 194 2686 ni
205 2631 277 2684 filius
290 2634 372 2684 luerit
389 2650 441 2684 nec
456 2650 508 2695 ne,
528 2650 542 2682 e
559 2631 646 2686 Snida
663 2650 757 2684 eruere
767 2650 887 2705 nequeo.

234 2721 341 2774 Fratres
365 2720 523 2772 Anastasius
551 2717 646 2774 hahuit
669 2717 783 2772 Paulum
808 2727 836 2772 et
858 2719 1025 2792 Hypatium,
1052 2737 1173 2772 sororem
1197 2738 1260 2772 vero

165 2807 298 2879 Magnam.

234 2895 351 2960 Paulus,
370 2897 447 2967 cujus
463 2906 557 2954 noster
571 2915 640 2953 vers.
653 2903 806 2970 290-293
820 2858 953 2960 meminit,
970 2894 1015 2948 his
1030 2893 1174 2949 Consula.
1193 2892 1256 2946 Chr.

166 2987 225 3058 496.
243 2993 270 3035 et
286 2991 347 3042 502·
367 2985 502 3037 Anastasii
526 2986 608 3037 frater
626 2991 695 3035 teste
717 2985 880 3036 Marcellino
897 2985 1000 3036 Gemite
1022 3003 1087 3054 pag.
1108 2988 1151 3044 45.

235 3071 343 3125 Flavius
357 3072 507 3144 Hypatius,
525 3072 662 3124 Anastasii
680 3073 772 3134 frater,
789 3070 869 3140 cujus
885 3072 1010 3123 meminit
1018 3073 1167 3141 Procopius
1187 3072 1257 3124 Cas-

168 3164 263 3216 sarien.
277 3162 312 3212 de
327 3162 396 3212 bello
410 3161 482 3231 goth.
502 3162 561 3212 libr.
570 3161 626 3212 ΙΙΙ.
643 3180 702 3231 cap.
712 3167 756 3216 51.
771 3179 836 3230 pag·
847 3165 897 3230 537
913 3178 928 3210 a
944 3157 1036 3212 Flavio
1046 3159 1165 3230 Hypatio
1186 3157 1260 3228 ejus·

170 3247 230 3300 dam
247 3266 260 3296 e
280 3247 378 3317 Magna
394 3267 487 3301 sorore
503 3257 604 3320 nepote
622 3245 709 3319 probe
726 3245 962 3317 distinguendus,
976 3247 1018 3298 vir
1040 3245 1191 3309 obscurus,
1210 3265 1257 3298 au·

169 3345 194 3388 te
213 3334 349 3407 adeptum
358 3354 372 3386 a
388 3337 492 3388 fratre
484 3337 629 3408 imperium
644 3356 658 3388 e
675 3335 745 3390 vivis
762 3335 912 3387 excessisse
933 3332 1049 3386 videtur.

237 3422 303 3493 Ejus
326 3442 437 3476 uxorem
459 3425 545 3476 fuisse
563 3433 662 3496 putant
676 3423 803 3493 Magnam
822 3419 911 3484 illam,
929 3421 1105 3492 Imperatoris
1120 3421 1256 3474 Anastasii

168 3511 256 3564 fratris
274 3529 419 3581 sponsam,
438 3513 483 3564 cui
500 3510 672 3565 Dorotheum
690 3507 856 3564 Monachum
877 3507 1111 3574 Alexandrinum
1126 3526 1190 3561 suos
1205 3528 1256 3581 prp

169 3597 273 3670 synodo
286 3595 510 3654 chalcedonensi
533 3599 619 3652 libros
642 3597 748 3652 dieasse
767 3607 857 3651 narrat
872 3598 1051 3668 Theophanes
1063 3617 1129 3668 pag.
1147 3605 1194 3652 131
1213 3593 1255 3647 his

169 3693 269 3748 verbis:
300 3694 481 3766 «Δωρόθεος
498 3690 515 3751 ὁ
535 3693 666 3769 porussis
686 3689 907 3766 Ἀλεξανδρεὺς
932 3690 1119 3763 πολύοιῃου
1142 3687 1256 3762 βίβλον

173 3790 316 3872 «ἔγραφεν
330 3794 407 3868 ὑπὲρ
424 3798 476 3870 τῆς
491 3795 525 3853 ἐν
533 3796 717 3868 Χαλκηδόνι
736 3795 878 3864 συνόδου,
895 3793 932 3868 ἣν
949 3790 1078 3861 setosa,
1092 3793 1253 3868 Μαγνᾷτῄ

171 3898 282 3976 «νύμφῃ
299 3894 498 3956 Ἀνοοιαοιου
520 3889 566 3954 ἐπ’
582 3891 718 3976 οιὺιλφῲ,
738 3895 897 3972 ὀρὲοὑόέῳ
913 3893 1001 3972 οὔσῃ,
1020 3896 1094 3972 αὖοι)
1115 3893 1148 3954 di
1165 3887 1250 3954 Ἀνα·
