2908 4814
677 297 744 366 117

153 477 212 512 rum
231 460 348 524 formas,
359 459 394 514 ad
407 459 551 532 pristinam
565 456 768 532 legitimamque
787 461 918 514 rationem
934 465 1048 512 exactas.
1071 458 1145 514 Olim
1162 467 1251 516 autem

151 549 180 600 in
197 546 338 623 republica
349 546 458 619 legibus
475 543 659 618 singularibus
674 564 731 600 non
747 545 838 602 solnm
849 565 991 606 mensurae
1013 557 1041 602 et
1062 547 1187 622 pondera
1202 549 1251 604 de-

151 634 244 700 linita,
263 635 315 689 sed
330 642 358 689 et
369 652 433 688 cura
448 634 628 708 custodiaque
644 651 739 688 eorum
755 637 838 688 certis
862 633 1065 706 magistratibus
1082 637 1209 691 mandata
1224 646 1252 692 et

152 723 257 778 sancita
283 731 333 776 est
363 722 485 777 Servavit
508 724 605 794 Pomp.
626 722 725 776 Festus
744 723 775 776 in
797 726 913 778 Publica
928 725 1052 795 pondera
1074 723 1252 796 plebiscitum

153 812 313 885 antiquum,
332 809 407 884 quod
424 807 479 863 duo
494 808 561 863 Silii
576 810 605 864 P.
622 818 650 866 et
666 809 705 864 Μ.
725 809 844 866 Tribuni
868 809 961 884 plebis
984 821 1128 884 rogarunt,
1147 814 1176 865 in
1196 830 1250 886 quo

151 906 219 970 post
235 897 378 952 delinitum
395 895 599 971 quadrantalis,
618 899 726 968 congii,
744 899 872 962 sextarii,
892 898 982 954 modii
1004 917 1147 954 numerum
1167 899 1251 952 libra-

152 1005 229 1050 rum,
243 983 310 1038 baec
322 984 435 1040 additur
448 986 571 1040 sanctio:
593 985 641 1047 ,si
657 987 719 1059 quis
733 987 907 1057 magistratus
929 986 1059 1042 adversus
1074 986 1140 1041 brec
1157 989 1193 1042 D.
1212 987 1251 1040 M.

154 1073 248 1147 .(dolo
262 1073 345 1147 malo)
361 1073 484 1146 pondera
496 1071 677 1146 modiusque,
694 1091 812 1147 vasaque
829 1073 959 1146 publica,
980 1075 1107 1140 modica,
1128 1078 1253 1140 minora,

153 1160 323 1235 «majoraque
338 1163 424 1225 faxit,
440 1161 555 1232 jussitve
575 1159 651 1224 fieri,
677 1159 804 1220 dolumve
831 1161 946 1226 adduit,
968 1183 1023 1237 quo
1044 1183 1074 1216 ea
1091 1162 1170 1228 fiant,
1189 1183 1251 1218 eum

153 1249 232 1322 «quis
248 1248 324 1306 volet
341 1250 514 1320 magistratus
526 1246 658 1302 mulctare
680 1245 765 1302 liceto
787 1257 857 1303 etc·
878 1250 972 1323 Quum
988 1251 1018 1303 iu
1033 1247 1087 1303 boc
1101 1250 1250 1323 plebiscito

152 1355 216 1388 eum
232 1339 369 1390 mensuris
387 1358 454 1390 vaso
468 1339 579 1410 publica
594 1336 785 1400 nominentur,
803 1336 933 1400 videntur
951 1338 1063 1392 omnino
1080 1357 1143 1394 vasa
1166 1341 1252 1412 signi-

152 1423 228 1478 ficari
247 1424 360 1496 publica
383 1424 475 1499 aliquo
497 1424 563 1478 loco
586 1425 745 1496 proposita,
769 1423 806 1477 ad
821 1443 943 1480 normam
963 1425 1051 1498 jusus
1072 1435 1100 1478 et
1113 1425 1251 1497 legitimae

150 1530 295 1566 mensurae
307 1511 452 1579 tuendam,
472 1513 525 1566 etsi
545 1513 574 1566 in
591 1510 729 1584 Capitolio
748 1529 782 1565 an
805 1520 864 1566 tum
882 1513 986 1566 fuerint
1009 1523 1128 1572 serrata,
1145 1532 1201 1568 non
1218 1513 1253 1569 li-

151 1608 226 1674 quet.
245 1601 289 1654 De
305 1599 508 1671 magistratibus
525 1600 566 1652 ibi
581 1600 736 1652 memoratis
753 1598 869 1655 dubium
889 1618 945 1654 non
969 1609 1027 1664 est,
1046 1601 1189 1656 Praetores
1205 1603 1250 1656 in-

150 1689 247 1760 primis
263 1697 292 1742 et
306 1687 418 1742 Aediles
436 1685 571 1758 intelligi,
590 1686 692 1760 quibus
716 1687 923 1754 venditionum,
940 1690 1073 1758 mercium
1095 1697 1122 1742 et
1141 1707 1253 1742 mensu-

155 1795 244 1830 rarum
260 1795 351 1830 curam
370 1775 524 1830 mandatam
537 1776 623 1828 luisse
640 1784 756 1830 constet.
775 1776 834 1832 Sub
846 1768 1160 1851 Imperatoribus'quum
1169 1779 1251 1830 Prae-

152 1865 220 1918 fecti
236 1864 322 1920 Urbis
337 1863 442 1942 fierent,
452 1882 568 1937 quorum
583 1859 668 1918 veluti
682 1862 800 1918 conflata
813 1883 846 1918 ex
857 1867 997 1936 praetorio
1011 1873 1039 1920 et
1054 1863 1178 1920 aedilitio
1191 1885 1251 1918 mu-

152 1969 217 2004 nere
231 1961 354 2025 potestas
372 1961 443 2016 erat,
461 1949 512 2005 bos
532 1949 648 2020 legimus
665 1953 800 2023 imprimis
817 1952 851 2006 de
868 1951 1040 2026 ponderibus
1056 1952 1178 2025 publicis
1203 1972 1251 2008 cc·

153 2041 289 2111 gnovisse.
309 2041 481 2114 Quamquam
498 2037 640 2092 exstabant
653 2040 682 2092 in
701 2040 840 2112 Capitolio
856 2059 998 2095 mensurae
1017 2050 1045 2095 et
1060 2039 1184 2112 pondera
1200 2061 1252 2113 pu·

152 2127 240 2193 blica,
258 2147 315 2181 non
330 2135 474 2201 poterant,
492 2128 521 2180 in
541 2125 608 2178 urbe
630 2135 685 2179 tam
700 2147 811 2198 magna,
829 2130 998 2201 privatorum
1010 2128 1134 2202 pondera
1148 2127 1252 2203 ubique

153 2225 182 2270 et
196 2234 303 2288 semper
320 2216 355 2269 ad
374 2211 562 2288 Capitolinum
576 2213 713 2287 exemplar
727 2217 814 2286 exigi,
833 2234 922 2290 neque
942 2218 1010 2270 ratio
1034 2215 1101 2270 haec
1117 2217 1152 2270 ad
1172 2227 1253 2272 tuen-

154 2303 216 2359 dam
231 2305 334 2378 ubiqua
350 2302 505 2377 ponderum
518 2299 667 2372 legitimam
683 2301 881 2376 aequalitatem,
900 2303 1065 2378 fraudesque
1079 2305 1254 2363 venditorum

152 2391 330 2456 evertendas,
349 2391 473 2446 sufficere
491 2390 548 2446 visa
562 2397 611 2442 est.
630 2390 726 2465 ltaque
743 2389 919 2466 sequioribus
941 2391 1113 2462 temporibus
1136 2392 1252 2464 legimus

152 2481 357 2534 praefectorum
379 2478 456 2532 urbis
482 2479 641 2550 provisione
665 2477 847 2551 multiplicata
866 2497 917 2550 per
939 2477 1035 2534 urbem
1055 2480 1210 2552 ponderum
1226 2489 1253 2534 et
1286 2527 1293 2536 .

152 2586 340 2621 mensurarum
357 2565 528 2640 exemplaria,
548 2567 680 2641 ipsosque
693 2568 871 2640 imperatores
887 2585 970 2639 saepe
984 2587 1078 2620 eorum
1099 2569 1253 2621 examinan-

154 2655 251 2710 darum
269 2675 362 2709 curem
376 2655 412 2708 ad
429 2674 458 2708 sa
474 2673 624 2710 revocasse.
645 2654 753 2710 Profert
772 2651 858 2728 Rapb.
877 2653 1038 2720 Fabrettus,
1056 2656 1186 2727 Inscript.
1202 2673 1250 2708 au-

153 2746 203 2818 tiq.
219 2744 282 2799 v11.
292 2781 301 2804 ,
313 2747 374 2802 380·
391 2761 453 2814 pag·
468 2747 542 2805 528,
559 2743 770 2816 inscriptionem
785 2743 857 2798 vasis
872 2743 949 2795 aenei
965 2743 1071 2817 antiqui
1087 2742 1178 2816 amplo
1196 2761 1252 2806 ore,

155 2841 183 2886 et
198 2831 262 2886 lutis
277 2830 379 2895 labris,
397 2827 542 2901 Neapolim
557 2830 587 2884 in
600 2831 728 2885 Museum
742 2830 912 2884 Andreinum
928 2829 1043 2902 perlati,
1067 2851 1135 2905 quac
1143 2870 1152 2896 ,
1169 2831 1252 2884 exsti-

154 2922 223 2974 tisse
240 2937 379 2974 mensuras
394 2919 424 2972 in
448 2915 602 2989 Capitolio,
630 2927 658 2973 et
671 2919 707 2971 ed
721 2917 874 2991 exemplum
893 2938 984 2972 earum
1000 2937 1050 2991 per
1065 2922 1189 2990 regiones
1199 2917 1252 2972 Ur-

154 3007 199 3064 bis
213 3010 310 3064 missas
325 3025 401 3072 esse,
415 3013 546 3074 testetur,
565 3025 619 3079 quo
642 3008 756 3062 Caesare
770 3008 893 3078 Augusto
910 3015 1022 3062 anctore
1039 3026 1095 3063 non
1110 3007 1215 3080 liquet:

450 3128 958 3184 unnsvmn.un.nxnurnvu
1030 3107 1034 3160 ἶ

365 3203 1042 3292 nrnvu.orsurucurrromosvur

392 3301 1008 3361 nvcroen.suucrrssruo.sve.·n.

511 3391 886 3448 n0n1nrssruo.cms

305 3479 1106 3537 rsnnneroussnnssrn.cvmmsmoruo

458 3567 939 3627 murmurmurmur.

155 3711 215 3768 Sub
230 3709 421 3766 Valentiniano
439 3729 496 3766 sen.
513 3712 584 3766 circa
603 3727 664 3764 ann.
682 3705 745 3763 Chr.
762 3711 839 3774 368„
862 3709 972 3765 Vettius
987 3708 1105 3780 Agorius
1122 3707 1248 3762 Praetex-

155 3809 238 3864 tatus,
253 3800 339 3854 Praef.
356 3798 423 3853 Urb.
440 3802 517 3871 cujus
532 3800 640 3870 insigne
651 3795 775 3870 elogium
792 3806 968 3852 monumento
983 3795 1097 3869 publico
1108 3793 1248 3868 proditum

158 3896 245 3943 exstet
256 3888 285 3942 in
299 3887 445 3942 Burmanni
460 3885 604 3958 Autholog.
621 3882 667 3938 lat.
682 3885 759 3940 Libr.
777 3885 825 3941 1v.
843 3905 886 3959 ep.
902 3902 962 3942 201-
981 3882 1119 3957 «pondere
1141 3899 1191 3954 per
1206 3899 1249 3934 re·

160 3978 270 4048 «giones
285 3977 424 4035 universes
440 3973 515 4028 urbis
531 3975 666 4039 instituit,
685 3994 768 4048 quum
785 3972 912 4030 aviditate
926 3971 1087 4036 mrdtorum,
1107 3989 1139 4025 ox
1154 3956 1263 4026 lihidi-'
