2950 4810
773 277 819 346 ³8

257 431 354 498 «simul
373 441 400 494 et
414 444 534 490 metuere
550 431 616 486 mihi
631 440 738 505 praeter
751 433 909 506 opinionem
925 430 1077 504 contingit,
1096 433 1121 486 ei
1136 429 1247 504 quidem
1265 433 1356 484 enim

255 522 340 584 «nihil
354 521 455 576 humile
472 539 624 576 sermonem
640 517 725 574 elevat
738 530 765 573 et
783 519 894 573 dicendi
912 517 1070 572 facilitatem
1089 517 1218 592 praebet,
1242 537 1355 590 magna

255 611 336 672 «mihi
354 619 427 664 certe
442 620 470 664 et
486 607 632 682 splendida
645 608 776 676 felicita53
792 615 886 661 metuo
903 616 992 660 tamen
1008 625 1043 659 ue
1063 608 1147 659 'nimie
1160 606 1355 660 dicendorum

254 701 399 770 «gravitate
417 706 445 750 et
456 696 632 751 multitudine
645 697 804 770 perculsus,
822 695 1013 768 praesentibus
1035 697 1076 748 uti
1092 697 1232 758 nesciens,
1251 696 1281 747 in
1306 697 1354 747 si-

254 785 385 848 «lentium
399 784 511 840 dicendi
524 795 626 837 mutem
634 783 743 839 divitias
754 793 781 838 et
793 781 940 856 perplexus
953 781 1089 850 haereem3
1110 781 1354 858 quemadmodum

253 877 298 936 «in
313 884 392 948 prato
415 865 528 926 amoeno
546 881 575 924 et
598 873 700 927 varium
722 869 870 943 praebente
892 869 1093 943 spectaculum,
1117 871 1208 926 omnia
1226 867 1352 942 quidem
1451 929 1452 938 η

252 962 381 1034 «pulchre
399 960 543 1024 videntur,
562 968 701 1032 spectator
724 978 787 1013 vero
806 977 868 1012 cum
889 961 979 1013 omnia
999 979 1084 1033 aeque
1106 959 1164 1030 ejus
1190 957 1351 1010 exhilarent

252 1052 403 1112 «animum,
421 1046 575 1102 nonhabet
592 1046 666 1121 quod
688 1047 801 1121 reliquis
820 1049 954 1119 praeierat
974 1057 1001 1102 et
1024 1047 1079 1101 sibi
1099 1047 1245 1119 decerpat,
1264 1044 1350 1098 nude

251 1137 298 1198 «fit
319 1145 351 1189 nt
367 1134 494 1190 omnibus
509 1135 591 1190 simul
605 1137 748 1192 abstineat.
767 1133 950 1190 Nihilominus
971 1136 1034 1189 istis
1049 1136 1088 1190 sic
1105 1153 1134 1188 ee
1152 1132 1348 1194 habentibus,

251 1242 407 1285 «sermones
432 1226 520 1277 omnia
543 1223 673 1278 audentes
695 1226 813 1278 animum
837 1225 993 1297 accipiunt,
1019 1233 1047 1277 et
1062 1221 1197 1276 exsultant
1218 1230 1246 1275 et
1259 1223 1345 1294 quasi

251 1331 330 1384 “prae
346 1310 485 1384 voluptate
499 1309 681 1376 bacchantur,
697 1313 835 1365 fortunam
847 1319 983 1364 tentantes
1005 1311 1107 1380 magis,
1125 1329 1206 1382 quam
1232 1310 1344 1361 ratione

251 1398 335 1472 «quid
350 1399 498 1464 audentes,
517 1418 568 1452 nec
583 1401 735 1453 futurorum
746 1399 829 1452 ullam
846 1401 978 1452 rationem
997 1395 1106 1450 habent.
1126 1395 1209 1450 Unde
1231 1405 1259 1449 et
1285 1413 1342 1449 nos

250 1486 396 1548 «audemus
412 1487 518 1552 dicere,
537 1507 587 1559 pro
601 1486 705 1541 viribus
718 1486 847 1561 quidem,
864 1485 1031 1555 voluntatem
1051 1486 1081 1538 iu
1097 1483 1276 1537 sufficientem
1289 1503 1343 1537 ve·

249 1583 337 1642 «niam
351 1582 586 1656 praetendentes.»
601 1583 638 1635 Ει
651 1585 736 1654 paulo
749 1585 824 1653 infla
832 1601 897 1655 pag.
910 1587 945 1637 53
955 1581 1040 1634 idem:
1062 1575 1212 1640 «ἐνταῦθα
1229 1577 1262 1634 δὲ
1279 1583 1341 1634 τοῦ

250 1683 365 1762 «λόγου
378 1682 554 1762 γενόμενος,
568 1681 622 1740 nai
640 1682 714 1758 πρὸς
725 1677 875 1742 Ιτοσοῦτον
891 1684 1008 1754 πλῆθος
1029 1684 1214 1760 πραγμάτων
1235 1677 1338 1755 ὁρῶν,

206 1779 212 1792 ’
249 1783 379 1846 «τάυτόν
395 1778 484 1843 ἕοιαα
498 1781 623 1857 πύσρειν
645 1787 711 1842 τοῖς
734 1781 800 1841 ὅσοι
823 1785 860 1841 τὰ
876 1786 995 1862 πελάγη
1014 1788 1244 1858 περισποποῦσι.
1261 1787 1336 1840 πολ·

247 1889 359 1948 πλάτας
374 1888 431 1966 γὰρ
445 1888 517 1944 τοὺς
534 1883 711 1964 ὀφθαλμοὺς
728 1884 938 1964 ἐπιφέροντες,
963 1889 1119 1945 θάλατταν
1142 1885 1239 1961 μόνην
1257 1881 1334 1958 ὁρῶ-

246 2004 326 2050 «σιν·
343 1988 431 2046 οὐδὲν
449 1987 482 2045 δὲ
500 1987 620 2046 τούτοις
634 1985 730 2060 ύρίὲει
745 1989 799 2064 τὴν
815 1985 897 2046 θέαν.
916 1986 998 2064 ὅμως
1015 1983 1182 2064 τολμητέον
1198 1989 1253 2060 τὴν
1270 1989 1334 2042 πεῖ·

245 2185 322 2278 ηΗαο
336 2193 426 2236 autem
450 2186 572 2239 oratione
597 2203 776 2258 progressus,
799 2194 828 2239 et
849 2195 951 2238 tentam
973 2187 1106 2239 factorum
1128 2183 1332 2238 multitudinem

245 2269 452 2346 «considerans,
469 2271 544 2325 idem
559 2272 655 2328 videor
671 2275 804 2345 experiri,
823 2273 898 2347 quod
910 2275 946 2326 iis
961 2272 1072 2337 accidit,
1090 2273 1137 2345 qui
1152 2273 1181 2325 in
1192 2273 1261 2324 meri
1278 2273 1331 2324 cir-

244 2359 462 2431 «cumspiciunt,
481 2377 562 2434 saepe
577 2364 649 2415 enim
664 2360 759 2415 oculos
774 2363 1005 2425 circumferentes,
1019 2359 1059 2414 nil
1071 2359 1274 2438 prpeterundas
1290 2362 1330 2413 vi-

245 2445 344 2510 «deut,
363 2465 415 2500 neo
430 2447 580 2522 quidquam
592 2451 628 2502 iis
644 2447 806 2521 adspectum
819 2448 926 2502 limitat.
943 2448 1107 2502 Audendum
1123 2457 1330 2524 tamenzneque

244 2535 333 2594 «euim
347 2533 389 2588 illi
405 2537 603 2607 navigationem
616 2536 761 2589 fastidiunt
769 2575 777 2601 ,
795 2555 884 2610 neque
900 2555 1052 2592 sermonem
1066 2550 1143 2590 nost»

311 2640 389 2693 Vere.
411 2650 469 2706 142.
488 2642 628 2703 Phoebas,
646 2641 773 2705 fatidica,
791 2643 895 2696 Lucan.
912 2642 1036 2698 Pharsat
1048 2644 1121 2696 Ltbr.
1139 2643 1174 2698 V.
1185 2661 1250 2695 vere.
1263 2645 1326 2700 1282

441 2759 455 2788 e
464 2767 537 2783 .....
555 2737 679 2781 metuens
698 2730 848 2782 consistere
866 2727 1015 2782 Phoebas.»

245 2815 360 2877 Ouidio,
379 2813 531 2870 Cassandra
546 2815 670 2900 Phoebas
689 2815 790 2870 dicitur
802 2817 897 2872 Amor.
919 2819 992 2872 Libr.
1009 2818 1048 2870 ΙΙ.
1069 2821 1136 2891 eleg.
1154 2819 1235 2871 VIII.
1253 2839 1276 2871 ν.
1295 2834 1324 2874 12

243 2915 269 2954 et
286 2903 367 2956 Triet.
382 2904 456 2958 Libe.
480 2905 520 2957 II.
536 2925 559 2958 ν.
575 2913 645 2968 loo:

440 2995 455 3051 (ὲ
465 3030 539 3046 .....
558 2991 707 3062 Mycenaeo
725 2989 848 3046 Phoebes
867 3000 952 3044 amata
971 2989 1060 3046 duci.»

312 3097 390 3151 Vers.
412 3105 469 3172 149.
489 3096 538 3151 Sic
555 3100 689 3172 corippus
702 3100 838 3171 Panegrr.
851 3099 950 3152 Jmain.
966 3100 1039 3152 Libe.
1054 3099 1109 3152 III.
1124 3117 1190 3153 vere.
1209 3101 1257 3171 ηδτ

346 3185 459 3244 «Ferrea
475 3203 550 3238 nunc
568 3184 685 3251 abeunt,
705 3195 785 3258 etque
804 3175 885 3238 aurea
899 3185 1005 3240 saecula
1023 3194 1153 3258 surgunt,

341 3271 542 3344 «Temporibus
560 3275 668 3327 Justine
686 3276 768 3327 tuis*

242 3354 413 3412 Felicitatem
427 3368 581 3432 temporum
593 3362 742 3434 imperante
750 3362 892 3420 Annaeo
905 3362 946 3416 sic
963 3365 1104 3436 exequitur
1111 3364 1258 3434 Procopius
1268 3363 1322 3416 Ga-

242 3471 325 3509 ταειιι
339 3472 382 3525 op.
398 3459 442 3508 cit.
456 3467 519 3510 tom.
533 3457 574 3509 ΙΙ.
584 3476 649 3531 pag.
667 3466 717 3522 τις
737 3457 819 3518 «Καὶ
831 3453 929 3514 otras
947 3453 1017 3532 ἡμῖν
1033 3460 1202 3532 προῆλθες,
1215 3451 1322 3513 πάντας

246 3547 473 3626 «ἀποκρύπτων
486 3559 532 3634 τῷ
548 3556 687 3633 θαύματι.
703 3555 773 3618 ὅθεν
798 3555 868 3634 ἡμῖν
885 3556 917 3615 αἱ
936 3558 1042 3616 πόλεις
1060 3553 1255 3634 εὐδαίμονες,
1270 3578 1319 3632 ρο-

246 3657 329 3727 ιιροῑς
341 3655 542 3734 ρερελημέναι
558 3663 612 3718 παὶ
628 3660 843 3740 πανηγύρεσιν·
860 3655 961 3735 εἰρήνη
976 3659 1035 3737 γὰρ
1060 3657 1131 3737 ἡμῖν
1147 3664 1212 3718 τοῖς
1230 3657 1317 3739 πρύγ-

205 3809 209 3822 .
245 3773 351 3834 «μασιν
368 3755 510 3818 ἐπανθεῖ·
528 3754 611 3838 Ἄρης
627 3762 660 3820 ὁὶ
677 3765 731 3820 καὶ
754 3764 856 3818 στάσις
868 3759 975 3837 πόρῤω
998 3765 1061 3820 τῶν
1075 3758 1231 3838 ἡμετέρων
1246 3767 1317 3819 πλα-

246 3861 369 3946 ανᾶταιξ
384 3865 508 3920 τελεῖται
518 3863 575 3940 μὲν
588 3867 653 3922 τοῖς
669 3862 813 3941 ἐμπόροις
828 3859 998 3923 ἀκινδύνως
1013 3859 1031 3938 ἡ
1048 3867 1200 3926 θάλαττα·
1219 3861 1271 3922 ἐπὶ
1283 3864 1317 3922 οὲ

247 3961 395 4042 «κούφαις
408 3955 527 4024 ε’λπίσιν
547 3962 570 4040 ,ἡ
596 3969 632 4046 γῆ
654 3968 852 4047 γεωργεῖται·
874 3968 984 4042 αράνος
1010 3967 1063 4040 δὲ,
1085 3969 1138 4026 παὶ
1159 3965 1315 4041 δόρυ,παί
