2908 4814
196 425 379 496 Deipncsoph.
397 427 471 482 Libr.
486 427 538 479 Xt.
560 447 619 496 cap·
636 431 679 498 57·
695 428 758 480 edit.
775 427 994 500 Schweighaeus.
1013 442 1075 482 tom.
1092 431 1146 484 IV.
1160 451 1226 502 pag.
1244 445 1300 504 272

196 514 429 595 seqq.‘Heminam
445 528 535 574 autem
559 521 616 576 sive
634 522 850 578 semisextarium
864 511 920 577 ¹aut
937 519 1112 598 ἥμιξέῦτεον
1132 534 1160 579 et
1179 524 1305 596 Cotylen

198 616 312 671 eandam
326 635 388 671 esse
401 634 564 680 mensuram,
583 625 719 672 testantur
735 627 844 692 praeter
852 597 996 674 Scholiast.
1014 619 1052 672 ad
1066 620 1206 692 Aristoph.
1221 623 1300 674 Pint.

196 731 221 766 v·
231 717 291 776 456.
307 714 389 767 etiam
403 713 556 786 Hesychius
572 715 634 766 edit.
651 719 694 768 cit.
711 729 773 770 tom.
795 736 817 772 ι.
834 719 885 769 coi.
906 719 987 778 1634:
1019 711 1136 790 «ἡμίνα.
1153 714 1294 788 κοτύλη·

197 807 353 882 explicans,
379 817 407 862 et
427 806 586 881 Pamphilus
610 809 683 882 apud
697 811 868 865 Athenaeum
885 813 946 866 libr.
963 811 1014 864 XI.
1030 831 1089 882 cap.
1106 817 1150 886 57.
1170 813 1233 864 edit.
1255 816 1298 863 cit.

197 919 260 959 tom.
277 915 302 970 4.
311 927 376 979 pag.
389 913 440 979 274
457 903 500 958 his
516 903 625 958 verbis:
649 905 826 980 «Διόδωρος
840 903 892 978 δὲ,
909 894 940 964 ἓν
957 901 1113 962 ischiacis
1129 905 1302 984 γλώσσαις,

199 1009 272 1070 «καὶ
287 994 508 1079 ‘ispanniacum
532 1002 576 1063 riis
601 1005 672 1090 φήσι
692 1011 869 1088 Πάμφιλος,
889 1009 944 1084 τὴν
971 1005 1110 1083 κοτύλην
1132 1007 1300 1064 καλεῖσθαι

200 1114 272 1172 «καὶ
288 1107 413 1187 ἡμίναν,
433 1106 668 1186 παρατιθέμενος
683 1110 893 1186 Ἐπιχάρμου·
940 1173 945 1183 .
961 1177 966 1184 ι

298 1212 371 1271 «καὶ
388 1215 469 1270 πιεῖν
486 1210 572 1289 ὕδωρ
586 1205 748 1272 διπλάσιον
761 1213 893 1288 φλιαρὸν
908 1209 1016 1288 ἡμίνας
1033 1211 1116 1270 brine

202 1317 275 1375 «nai
295 1314 460 1392 Σώφρων·

192 1496 198 1506 .
298 1417 545 1495 «κατάστρεψον,
559 1413 687 1487 τέκνον,
705 1420 761 1502 cciv
776 1415 912 1493 ἡμίναν.»
959 1481 964 1491 ,

182 1513 214 1586 4ἰ.
227 1532 249 1565 c.
266 1510 423 1571 “Diodorus
440 1521 503 1567 v‘ero
521 1514 550 1566 in
568 1512 667 1584 glossis
683 1512 793 1577 italicis,
813 1521 841 1567 et
857 1513 1021 1576 Heraclitus,
1034 1519 1066 1565 ut
1082 1508 1304 1582 aitPamphilus,

199 1599 333 1661 ,cainam
350 1603 431 1653 etiarn
445 1600 557 1654 tradunt
571 1599 707 1656 heminam
726 1600 797 1664 dici,
813 1599 941 1672 adposito
959 1601 1008 1654 illo
1020 1597 1178 1672 Epicharmi
1192 1597 1281 1652 verbo
1295 1619 1301 1650 :

297 1689 349 1750 ,Et
366 1687 462 1742 hibere
481 1709 565 1763 aquae
585 1687 700 1761 duplum
718 1689 843 1762 tepidae,
861 1686 983 1742 heminas
1004 1688 1088 1744 duas»
1129 1716 1133 1728 ¹

202 1786 246 1837 “et
263 1775 434 1848 Sophronis:

154 1913 157 1922 ,
299 1864 416 1930 «Verte,
434 1864 489 1930 fili,
507 1863 667 1918 heminam*

198 1953 254 2006 cfr.
266 1955 460 2033 Casaubonam
477 1955 514 2006 ad
529 1954 555 2005 h.
571 1957 589 2006 l.
607 1961 635 2004 et
651 1953 708 2007 vid.
722 1953 935 2008 etiamEustath.
949 1955 986 2006 ad
1001 1955 1083 2007 Iliad.
1094 1951 1130 2028 χ’.
1145 1975 1211 2026 pag.
1230 1958 1301 2027 1589

196 2045 244 2096 lin.
262 2050 302 2105 14.
317 2073 353 2084 —
362 2040 407 2093 ‘Ex
418 2039 461 2094 his
478 2039 666 2094 emendandus
681 2043 877 2095 JuliiPollncis
891 2055 1022 2095 onomast.
1042 2044 1101 2095 libr.
1113 2043 1166 2096 IV.
1185 2062 1244 2114 cap.
1254 2049 1308 2096 23.

198 2139 261 2192 edit.
280 2142 323 2189 cit·
339 2150 402 2189 tom.
427 2135 709 2211 1.pag.449locus:
741 2135 879 2212 «κοτύλη
899 2136 933 2192 δὲ
958 2136 993 2194 rb
1017 2135 1120 2211 τρίτον
1145 2138 1198 2210 τῆς
1214 2139 1304 2208 paine

198 2253 293 2310 noh»
319 2246 347 2290 et
369 2239 410 2290 sio
433 2236 583 2310 legendus:
606 2237 802 2315 «norbhn'bb
826 2239 860 2296 sb
884 2235 1029 2312 τέταρτον
1053 2242 1106 2312 τῆς
1127 2238 1297 2310 φοίνικος.»

198 2343 229 2396 Si
254 2342 327 2396 enim
349 2339 526 2415 quadraginta
546 2350 573 2396 ct
589 2352 653 2396 octo
667 2341 805 2415 φοίνικες
824 2361 857 2394 ex
879 2342 977 2395 eodem
995 2340 1107 2400 Polluce
1126 2341 1296 2395 medimnum

199 2436 319 2511 explent,
330 2438 377 2511 qui
394 2447 505 2492 centum
522 2440 670 2509 nonaginta
686 2447 714 2491 ct
731 2437 798 2492 duas
816 2435 920 2508 cotylas
936 2438 1075 2501 continet,
1093 2437 1203 2509 cotylen
1219 2457 1299 2510 quar-

196 2536 268 2591 tam,
286 2545 343 2580 non
357 2529 465 2581 tertiam
483 2525 623 2580 choenicis
638 2534 744 2599 partem
760 2543 835 2590 esse,
858 2534 943 2597 patet.
969 2525 1098 2578 Ceterum
1114 2527 1219 2596 cotylas
1237 2544 1296 2578 non

197 2623 303 2666 tautum
318 2613 504 2686 liquidorum,
522 2613 574 2666 sed
596 2623 624 2666 et
645 2613 783 2678 aridopum
801 2631 956 2666 mensuram
976 2615 1079 2677 fuisse,
1095 2612 1195 2684 probat
1218 2612 1292 2666 idern

197 2705 298 2755 Pollux
311 2704 369 2756 libr.
386 2703 421 2756 X.
439 2723 499 2772 cap.
517 2705 560 2774 25.
578 2717 667 2758 tumn
685 2722 750 2774 pag.
768 2691 834 2776 i292
854 2699 947 2754 exilio
964 2702 1131 2773 Thucydidis
1147 2703 1207 2754 libr.
1229 2703 1260 2756 V
1256 2703 1295 2754 II.

171 2788 174 2798 ’
199 2802 318 2870 cap-87.
334 2799 414 2864 loeo:
437 2789 592 2886 «ibibcouv
617 2795 675 2874 γὰρ
701 2799 804 2862 αὐτῶν
828 2791 951 2872 ἑκάστῳ
969 2787 1018 2852 ἐπὶ
1035 2793 1121 2852 ὀκτὼ
1134 2799 1232 2872 μῆνας
1247 2815 1297 2853 no·

203 2899 318 2976 «τύλην
333 2896 445 2956 ὕδατος
462 2901 515 2956 esui
525 2899 587 2956 baio
605 2897 743 2956 horditus
757 2897 871 2956 σίτου.»

266 3014 344 3068 Vers.
361 2993 405 3086 69⁸.
424 3013 485 3086 quis
510 3027 608 3086 quater
627 3015 776 3084 adsumptis
792 3016 892 3085 -qai
915 3026 1013 3086 quater
1036 3015 1205 3085 adsumptis,
1226 3011 1295 3066 cod.

197 3101 265 3155 Bob.
275 3123 289 3154 a
298 3122 339 3175 pr.
350 3121 385 3154 m.
402 3106 450 3175 qui
458 3115 557 3174 quater
569 3103 738 3173 adsrtmptns,
748 3099 817 3162 Cod.
828 3099 895 3154 Bob.
912 3120 944 3153 ex
958 3101 1064 3153 emend.
1075 3121 1145 3156 man.
1157 3119 1211 3154 seo.
1223 3099 1294 3154 Edd.

220 3213 224 3228 ν
265 3192 300 3261 fit
313 3193 395 3264 grase
410 3194 517 3242 nomine
531 3191 661 3251 choenix,
678 3188 751 3242 Edd.
773 3219 809 3230 -
817 3191 858 3264 fit
880 3192 964 3262 graja
986 3195 1093 3242 nomine
1113 3193 1204 3253 cenis,
1223 3188 1292 3243 cod.

199 3276 267 3332 Bob.
286 3298 300 3329 a
317 3299 361 3351 pr.
381 3297 416 3330 m.
427 3277 484 3330 sed
501 3297 534 3330 ex
550 3278 657 3344 emend.
675 3295 730 3330 sec.
747 3282 833 3330 cenis.

269 3369 330 3440 quis
353 3379 452 3440 quater
475 3368 643 3439 adsumptis,
669 3369 708 3419 ita
730 3383 794 3418 saue
809 3362 957 3436 legendum
974 3364 1107 3436 conjecto.
1130 3368 1216 3441 Quis,
1230 3367 1248 3418 i.
1267 3385 1290 3416 e.

197 3457 327 3516 heminis,
351 3463 447 3526 quater
470 3455 623 3528 adsumptis
644 3453 676 3508 fit
698 3451 831 3518 choenix,
853 3473 910 3507 non
929 3452 1158 3526 quemadmodum
1174 3455 1290 3511 Vinctus

198 3543 333 3615 vulgatam
347 3540 494 3597 lectionem
503 3528 705 3616 interpretatur,
720 3547 777 3615 qui,
795 3543 813 3594 i.
831 3561 853 3594 e.
869 3545 1004 3599 sextarius
1020 3550 1114 3615 quater
1128 3541 1290 3614 adsumptus

194 3637 534 3712 poivrnafacit,y:oiv15
553 3640 625 3690 enim
641 3645 737 3710 aequat
759 3637 828 3692 duos
849 3639 980 3692 sextarios
1001 3655 1050 3689 seu
1071 3645 1187 3711 quatuor
1202 3634 1288 3688 hemi-

198 3745 255 3790 nas,
275 3725 300 3778 si
314 3722 426 3798 quidem
440 3722 617 3798 quadraginta
632 3733 659 3778 ct
672 3731 734 3777 octo
750 3724 887 3795 φοίνικες
904 3730 974 3777 tcstc
991 3721 1103 3776 Polluce
1122 3721 1290 3775 medimnum

199 3821 318 3894 explent,
335 3816 489 3872 medimnus
504 3828 593 3872 antem
608 3819 699 3892 explet
712 3838 760 3873 sex
775 3819 892 3885 modios,
911 3819 975 3874 hinc
989 3837 1059 3875 uuus
1071 3817 1179 3871 modius
1193 3824 1290 3890 aequat

198 3926 262 3971 octo
277 3915 429 3988 paisantsa
451 3915 573 3984 modium
586 3925 676 3980 autem
692 3917 802 3998 triginta¹
813 3925 840 3970 ct
850 3915 956 3974 duabus
974 3913 1089 3970 heminis
1107 3911 1210 3988 expleri
1224 3930 1291 3966 con·
