2908 4814
581 379 766 395 --1—-n

230 453 355 528 Altera
365 477 447 585 quo
462 469 625 554 praestat
636 449 829 551 leviorque
844 469 904 524 est
921 450 1033 524 altera
1050 424 1165 527 moles

230 568 287 643 Sit
300 570 459 643 semissis
474 594 587 659 onus,
603 587 711 668 potes
727 575 772 640 ex
786 548 861 641 hos
875 566 1000 642 dicere
1013 587 1191 668 quantum

128 681 203 778 175
228 684 379 783 Argenti
395 683 495 759 fulvo
511 685 663 756 mixtum
677 682 841 758 celetur'
832 710 870 756 ιιι
887 710 987 757 auro.

229 801 322 874 Nam
331 802 420 901 quia
435 801 622 875 semissem
643 798 793 900 triplum
811 802 981 873 sextantis
999 796 1197 889 habemus,

230 917 324 992 Tres
337 918 485 990 inerunt
495 915 573 988 auri
582 913 709 1007 librae,
721 913 898 1015 quodque
909 913 1062 1017 amplius
1071 912 1145 987 hoc
1156 933 1222 1005 est,

232 1032 418 1122 Quantum
435 1055 593 1129 cumque
617 1032 687 1103 siet
692 1085 704 1122 ,
724 1027 878 1103 fraus‘id
895 1031 1110 1131 permiscuit
1124 1055 1224 1102 auro.

229 1146 365 1239 Causa,
386 1173 454 1219 cur
468 1149 518 1217 ita
535 1148 598 1237 sit,
614 1165 786 1247 prompta
804 1164 871 1236 cst,
893 1148 923 1218 si
940 1145 1082 1218 discere
1098 1171 1227 1218 verum

126 1263 202 1334 180
227 1261 261 1333 N
263 1289 310 1334 on
319 1265 453 1365 pigeat,
465 1279 703 1361 veterumque
715 1264 852 1334 animos
869 1258 1062 1334 intendere
1079 1259 1223 1332 chartis.

227 1375 320 1449 Nam
337 1379 369 1448 si
388 1375 593 1478 disparibus
609 1379 772 1450 numeris
793 1377 989 1450 accesserit
1001 1373 1119 1467 idem,

228 1489 356 1566 Servat
373 1491 581 1591 inaequales
597 1489 746 1583 itidem,
762 1511 977 1590 tantumque
991 1491 1154 1563 manebit
1240 1545 1242 1550 -

226 1606 432 1680 Discrimen
438 1661 450 1697 ,
468 1623 646 1705 quantum
661 1609 784 1682 suerat
794 1610 922 1710 prius,
946 1603 1060 1706 idque
1082 1603 1224 1677 notabis

229 1719 311 1795 Sive
327 1724 365 1793 in
381 1721 611 1824 temporibus
628 1749 780 1822 quaeras
790 1777 802 1815 ,
821 1749 888 1797 seu
910 1718 1077 1824 pondera
1100 1746 1225 1816 rerum
1304 1731 1308 1740 ’

129 1835 202 1912 185
230 1835 304 1910 Seu
320 1835 435 1914 moles
451 1856 617 1940 spectare
636 1829 725 1910 velis
744 1841 975 1941 spatiumque
990 1836 1167 1922 locorum.
1234 1855 1311 1908 eota

229 1952 352 2042 Quare
370 1950 521 2027 diversis
537 1955 677 2052 argenti
693 1956 846 2053 aurique
860 1951 1036 2042 metallis,
1070 1955 1072 1962 '
1144 1959 1161 1972 ”

228 2066 318 2158 Quis
332 2070 448 2142 forma
456 2066 627 2166 acmoles
639 2067 768 2142 eadem
779 2089 846 2161 est,
861 2097 929 2172 par
940 2067 1066 2141 addito
1077 2063 1225 2169 pondus

226 2180 388 2280 Argento
396 2237 408 2276 ,
431 2181 550 2255 solunt
571 2180 611 2254 id
626 2185 775 2274 crescit,
791 2184 884 2256 nihil
898 2182 1047 2258 additur
1064 2209 1166 2258 auro.

184 2344 186 2350 «
230 2294 421 2370 Sextantes
435 2299 546 2395 igitur
560 2323 654 2395 quos
674 2317 715 2369 tu
729 2324 925 2399 superesse
940 2297 1100 2389 videbis,

133 2435 204 2512 190
229 2412 273 2484 In
291 2410 448 2486 totidem
468 2410 567 2486 dices
587 2439 717 2484 aurum
735 2415 935 2487 consistere
948 2413 1074 2502 libris,

228 2523 392 2628 Parsque
407 2525 667 2604 itidemslibrae
684 2531 855 2605 sextantis
869 2529 974 2633 parte
991 2547 1150 2602 notetur.

231 2642 345 2735 Quod
360 2645 391 2714 si
406 2645 503 2716 forte
520 2668 647 2745 parem
660 2638 837 2746 corrupto
853 2645 990 2743 lingere
1006 2646 1158 2716 sormam

231 2758 393 2856 Argento
408 2783 593 2858 nequeas,
613 2778 651 2831 at
666 2759 815 2833 mollem
831 2762 963 2834 sumito
980 2785 1110 2832 ceram.

228 2873 350 2972 Atque
368 2873 488 2947 brevis
505 2873 692 2974 facilisque
712 2875 777 2946 tibi
797 2878 979 2950 formetur
996 2877 1132 2972 imago,

134 2989 202 3089 195
229 2989 311 3064 Sive
333 2988 437 3082 cubi,
456 3015 522 3061 seu
540 2989 729 3088 semiglohi
745 2993 916 3064 teretisve
932 2987 1112 3090 cylindri,

225 3105 371 3205 Parque
385 3130 430 3177 ex
445 3125 595 3202 argento
613 3103 806 3178 simuletur
821 3108 937 3178 forma
960 3108 1109 3198 nitenti,

228 3217 643 3353 Quarumpondusitcm
652 3247 793 3294 nosces.
803 3221 877 3293 Fac
890 3219 1052 3320 denique
1068 3219 1257 3295 drachmas
1343 3271 1349 3292 ·
1440 3281 1444 3288 .

226 3334 289 3408 Bis
305 3361 367 3410 sex
386 3339 543 3435 argenti,
564 3362 669 3411 cerae
687 3357 761 3409 tres
785 3363 864 3410 esse
882 3356 1064 3439 repertas;

227 3450 350 3548 Ergo
340 3477 377 3524 m
392 3450 621 3554 ponderibus
639 3477 745 3525 cerae
765 3455 977 3551 argentique
995 3451 1171 3552 liquebit,

130 3593 202 3642 200
230 3566 268 3641 Si
284 3594 351 3668 par
362 3569 478 3640 forma
490 3569 559 3641 siet
568 3622 581 3659 ,
598 3564 798 3670 quadrupli
817 3566 1012 3641 discrimen
1030 3571 1161 3642 inesse.
1208 3591 1233 3623 -’

229 3685 326 3757 Τιιιιι
341 3709 409 3784 par
426 3681 558 3782 effigies
577 3709 661 3756 cera
679 3683 872 3756 simuletur
890 3681 1019 3757 eadem

228 3801 451 3901 Corruptae,
472 3798 575 3897 cujus
592 3797 761 3872 fraudem
776 3797 1133 3898 cognoscereflcuras

229 3915 290 3988 Sic
308 3915 445 4015 justum
462 3913 627 4016 pondus,
651 3915 754 4018 quod
770 3916 873 3990 lance
891 3918 1070 3993 inveneris
1088 3941 1224 4018 aequa,
