2950 4810
619 283 801 386 „43-

167 448 292 524 «βάρων
311 451 413 506 αὐτῶν
428 445 569 520 ἀνάξιον,
582 449 655 528 μιίτι
669 469 704 534 γε
721 451 757 524 δὴ
770 449 822 526 τῆς
831 431 990 526 Ῥωμαίων
1000 447 1252 526 χριστιατικωτά·

167 573 239 628 «της
252 549 428 624 βασιλείας·
443 550 459 609 ὅ
475 550 578 629 μέχρις
595 554 713 625 αὐτοῦ,
740 551 871 612 ἀνθότου
897 550 1000 633 λέγειν
1022 557 1081 612 οὐκ
1098 549 1162 629 έχω
1179 577 1252 630 παρ·

166 653 288 733 «οφθὲν,
307 654 399 712 αὐτὸς
414 649 517 712 ἀνεῖλε
532 653 774 728 βασιλικώτατα.
790 649 928 714 έπέκειτο
951 656 984 714 ἀί
999 653 1114 732 ἑτέροις
1129 677 1162 717 τε
1177 665 1252 716 πολ·

166 760 254 819 «λοίς
270 749 305 814 ἕξ
321 748 428 831 ἐράνου
443 759 498 831 τὴν
515 760 628 835 τροφὴν
642 759 821 832 πορίέουσι,
840 761 894 817 καί
909 763 976 817 ταῖς
993 757 1251 838 ἀπεμπωλοιίσαις

166 861 239 934 «τὴν
260 850 341 930 ὥραν
358 864 412 916 τοῦ
433 862 588 935 σώματος,
605 864 659 918 καί
672 861 770 936 χύδην
787 863 940 938 πορνείαις
955 855 1003 919 έπί
1021 865 1085 920 τοῖς
1102 859 1251 937 κεκρυμέ-

165 981 248 1024 «νοις
265 964 318 1017 καί
336 965 521 1020 λανθάνουσι
539 965 592 1037 τῆς
609 964 731 1022 πόλεως
747 967 870 1035 τόποις,
889 957 939 1022 ε’πί
948 966 1181 1042 χαμαιτυπείοις
1199 961 1249 1020 ἐκ·

165 1059 364 1139 «διδομέναις,
381 1066 433 1120 καί
453 1065 529 1138 πρός
539 1084 583 1144 γε,
601 1071 666 1122 τοῖς
683 1064 874 1144 ἡταιρηκόσι,
890 1069 998 1141 καὶμὴ
1013 1069 1107 1144 μόνον
1125 1068 1180 1140 τὴν
1195 1065 1249 1143 φύ·

165 1183 242 1235 «σιν,
251 1161 334 1224 ἀλλά
342 1162 395 1222 καί
412 1167 447 1224 τό
464 1167 633 1244 πολίτευμα
643 1161 899 1242 καθόβρίᾶουσιν·
918 1165 961 1226 ὡς
977 1166 1042 1228 ἀντί
1058 1170 1151 1246 νόμου
1170 1169 1251 1226 τινός

165 1273 238 1346 «τὴν
255 1269 418 1347 ἐσκομιόὴν
434 1268 530 1344 βοᾷν,
555 1263 601 1326 ε’π*
617 1267 718 1328 ἀδείας
745 1257 823 1329 εἶναι
844 1273 899 1346 τὴν
917 1271 1059 1347 τοιαύτην
1076 1269 1250 1348 ἀθεμιτουρ·

163 1375 250 1453 «γίαν
268 1377 332 1430 τοῖς
346 1368 564 1447 βουλομένοις·
582 1375 635 1429 καί
655 1373 708 1431 τόν
731 1372 871 1431 ἐντεῦθεν
895 1369 1110 1449 ἀθροιέόμενον
1127 1370 1249 1432 ἀνόσιόν

161 1494 214 1538 «τε
229 1477 282 1534 καί
300 1468 390 1555 ε’ναγίγ
406 1475 518 1548 πόρον,
537 1466 588 1532 έπί
598 1478 653 1550 τὴν
669 1477 793 1551 πρώτην
809 1479 862 1534 καί
876 1476 1047 1552 κορυφαίαν
1062 1475 1170 1555 έσῆγου
1184 1479 1249 1533 τῶν

161 1574 282 1652 «ἀρχῶν
301 1574 571 1651 ἀνατετραετηρίόα
593 1576 622 1634 οί
645 1583 755 1636 τοῦτον
771 1575 944 1651 ἑκασταχοῦ
963 1575 1184 1657 συλλέγοντες,
1204 1573 1249 1634 ὡς

160 1682 233 1744 «καί
245 1679 335 1758 μέρος
351 1678 582 1756 οὐκέλάχιστον
597 1682 649 1754 τῆς
665 1677 759 1756 ἀρχῆς
775 1684 968 1752 καθεστάναι,
986 1681 1118 1738 καὶτῶν
1133 1683 1255 1735 καλου.

161 1781 277 1859 «μένων
295 1760 421 1841 είδικῶν
443 1783 589 1856 σκρινίων
612 1787 734 1855 τυχεῖν,
758 1787 811 1842 καί
828 1788 892 1841 τῶν
907 1785 946 1841 τά
961 1787 1088 1841 τοιαῦτα
1111 1781 1248 1858 διαψηφι-

161 1886 316 1959 «ἒόντων,
335 1888 394 1942 οὐκ
410 1880 534 1962 ἀφανῶν
552 1881 670 1959 ἀνδρῶν
688 1877 864 1959 στρατείαν,
879 1878 982 1960 ὥσπερ
998 1887 1052 1944 καί
1069 1884 1122 1941 τάς
1136 1882 1249 1940 λοιπάς

162 1985 358 2068 «ἡγουμένων,
370 1987 405 2045 τό
425 1992 553 2067 πρᾶγμα.
564 1990 610 2046 ·0
621 1987 806 2065 μεμαθηκὼς
821 1985 839 2044 ἀ
854 1987 1058 2060 Ἀναστάσιος,
1077 1979 1127 2044 ἓπί
1143 2006 1177 2043 τε
1194 1986 1249 2060 τὴν

159 2092 337 2171 «γερουσίαν
354 2093 511 2164 προσθείς,
529 2093 583 2147 καί
597 2094 693 2167 μῦσος
717 2077 794 2148 εἷναι
821 2092 874 2148 καὶ
897 2089 1098 2163 καινοπρεπὲς
1120 2085 1192 2168 ἀγος
1212 2088 1247 2147 τό

158 2199 298 2273 «πρᾶγμα
316 2192 444 2250 δικαίως
470 2188 713 2271 ἀποφηνάμενος,
736 2189 898 2250 τεθέσπικε
923 2196 1068 2251 καθάπαξ
1093 2188 1247 2264 ἀναιρεθῇ·

158 2317 246 2367 «ναι,
266 2301 318 2365 καί
337 2297 409 2355 τοὺς
426 2296 479 2368 τὴν
493 2291 653 2366 εἴσπραξιν
671 2297 840 2369 όηλοῦντας
850 2296 965 2367 χάρτας
981 2298 1055 2368 πυρί
1073 2290 1247 2368 παραδέδω-

159 2417 224 2458 ικε.
240 2402 292 2458 καὶ
308 2395 417 2456 τέλεον
431 2397 486 2471 τὴν
502 2397 612 2469 πρᾶξιν
633 2393 805 2474 ίερουγῆσαι
827 2398 873 2468 τῷ
891 2399 956 2472 θεῷ
979 2393 1169 2470 βουληθείς,
1195 2393 1246 2452 ίνα

160 2499 216 2577 «μή
230 2521 287 2558 τινι
303 2506 366 2558 τῶν
382 2499 446 2576 μετ’
465 2497 557 2556 αὐτὸν
573 2497 628 2571 ἐξῇ
646 2497 684 2555 τά
700 2493 812 2570 ἀρχαῖα
829 2489 916 2556 αόθις
940 2494 1040 2574 ὀνείδη
1058 2494 1245 2555 ἀνακαλέσα·
1268 2495 1279 2536 ί

158 2610 263 2674 «σθαι,
280 2605 490 2676 προσποιεῖται
510 2602 566 2677 μὲν
591 2601 644 2657 τὸν
669 2597 883 2672 ἀσχάλλοντα,
905 2597 1056 2672 ἀβουλίας
1083 2598 1116 2657 δέ
1131 2594 1244 2656 ἑαυτοῦ

157 2707 354 2784 «κατηγόρει,
373 2706 425 2759 καί
444 2705 498 2777 τῆς
514 2695 544 2759 ἒς
560 2699 636 2781 ἀγαν
661 2700 784 2772 ἀνοίας,
804 2699 921 2781 λέγων·
948 2698 991 2760 ὡς
1011 2704 1048 2774 τῇ
1066 2701 1245 2774 καινοὸοξίᾳ
1297 2711 1304 2724 ·

157 2806 209 2868 «τό
228 2802 322 2864 πλέον
337 2806 426 2875 ὑοὺς,
444 2809 500 2862 τοῦ
518 2806 709 2861 συνοίοοντος
724 2805 759 2877 τῇ
784 2805 926 2880 πολιτείᾳ
948 2801 1164 2881 παρημέληκε,
1190 2804 1243 2860 καί

157 2908 228 2969 «τὸν
243 2913 388 2966 τοσοῦτον
413 2908 507 2981 πόρον
524 2904 671 2966 ἀνέκαθεν
695 2903 917 2984 ἐφευρημὲνον,
933 2909 986 2965 καί
1003 2906 1159 2964 τοσούτοις
1170 2905 1242 2978 χρό-

157 3030 236 3069 «νοις
257 3007 486 3082 βεβαιωθέντα,
513 3005 581 3084 είκίρ
607 3028 640 3068 τε
665 3012 718 3066 καί
742 3005 973 3083 ἀπερισκέπτως
1000 3008 1180 3085 ἀνήρτησεν,
1202 3008 1240 3063 οὐ

156 3114 273 3174 «συνείς
287 3113 325 3170 τὰ
340 3111 539 3188 έπαρτόιμενα
551 3111 790 3187 κινδυνεύματα,
804 3108 823 3188 ἢ
841 3112 893 3170 τός
911 3100 1129 3185 στράτιωτικάς
1149 3112 1242 3168 όαπά-

156 3233 244 3282 «νας,
262 3213 297 3271 τό
314 3216 379 3273 Ξόιν
395 3221 450 3274 τοῦ
468 3213 688 3289 πολιτεύματος
704 3217 824 3285 τεῖχος,
842 3215 878 3270 οὐ
894 3215 947 3271 τάς
962 3212 993 3271 ές
1008 3211 1171 3286 θεραπείαν
1185 3217 1241 3269 τοῦ

155 3321 264 3378 ιθεοῦ·
285 3318 337 3372 καί
354 3317 445 3392 μηδὲν
469 3319 533 3374 τῶν
556 3311 677 3372 ἔνδοθεν
700 3318 837 3385 δεικνὺς,
862 3313 1052 3396 ἀπαγγέλλει
1070 3313 1239 3386 βούλεσθαι

155 3418 227 3480 «τόν
251 3414 404 3494 εἰρημένον
426 3417 637 3475 ἀνασώσασθαι
664 3418 767 3492 πόρον.
789 3421 843 3475 καί
869 3421 905 3492 δὴ
938 3419 1009 3476 τοὺς
1037 3412 1240 3495 ἐφεστηκότας

155 3523 477 3597 «προσκαλεσάμενος,
494 3513 608 3598 ἔρασκε
620 3523 854 3598 μεταμελείσθαι
865 3520 942 3598 μὲν,
962 3521 1021 3576 οὐκ
1044 3513 1124 3594 ἔχειν
1142 3517 1174 3576 δὲ
1191 3517 1237 3575 ὅτι

155 3624 227 3684 «καί
244 3617 364 3696 πράξει,
376 3617 395 3698 ίί
409 3619 494 3680 ὅπως
508 3625 562 3696 τὴν
581 3619 697 3680 οίκείαν
713 3621 857 3698 ἁμαρτίαν
872 3623 1083 3697 όιορθόισαιτο,
1096 3624 1240 3680 κατάπαξ

156 3729 237 3786 «τῶν
249 3728 374 3798 χαρτῶν
388 3723 585 3796 καυθέντων,
602 3727 666 3782 τῶν
683 3722 856 3802 δυναμένων
873 3727 926 3800 τὴν
938 3722 1094 3800 είσπραξιν
1111 3729 1237 3800 όηλοῦν.

156 3824 329 3902 «κάκείνων
347 3827 380 3886 δὲ
397 3827 433 3884 οὔ
446 3847 506 3885 τινι
524 3825 735 3902 προσποιήσει,
752 3832 819 3886 ταῖς
837 3829 869 3886 δὲ
883 3828 1039 3903 ἀληθείαις
1053 3831 1108 3903 τὴν
1127 3829 1236 3898 πρόξιν

156 3925 364 4006 «όόυρομένωυ
381 3931 432 3986 όιά
447 3929 501 3987 τόν
516 3922 655 3989 ἐντεῦθεν
672 3933 777 3988 αὐτοῖς
792 3930 1052 4007 περιποιούμενων
1071 3925 1177 3987 ἀδικοιι
1190 3947 1238 4004 ’μι-
