2950 4810
212 465 215 472 '
241 463 319 520 «Καὶ
336 461 450 515 πάντας
463 456 534 512 τοὺς
552 457 791 532 τραυματισμοὺς
807 455 879 510 τοὺς
896 449 1173 529 ι’ρωροὸιστάτους,

240 563 403 632 «Καθάπερ
419 555 607 616 όλεξὶκαπον
623 562 780 636 φάρμακον
795 553 957 632 ἡμερῶσαι.

241 649 310 726 «Ἠν
327 663 360 719 δὲ
377 661 412 718 τὸ
430 662 636 737 περικόσμήμα
652 665 708 716 τοῦ
727 662 986 735 παρανομωτάτου

239 751 433 839 «(’Τπόῤῥιᾶος
447 761 598 838 ἀναίρεσις
615 759 804 836 εἰσπράξεως
820 761 993 836 κιβδήλου,

240 854 295 930 «Ἠ
307 867 429 948 λέγεται
438 870 651 945 ρρυσάργυρον
669 861 793 938 ἆνὺράσι
810 863 1000 943 φιλολόγοις.

239 972 295 1030 «Τὶ
311 971 343 1026 δὲ
361 972 413 1026 καὶ
433 973 521 1026 ποῖον
538 969 573 1026 τὸ
589 968 694 1040 τεμθὲν
710 966 727 1024 ό
741 969 836 1047 λόγος
854 966 1013 1042 ἱστορήσει.

238 1061 350 1132 «”Απας
366 1069 439 1146 ἀνήρ
456 1091 506 1143 τε,
524 1073 578 1130 καὶ
596 1073 693 1150 γυνή,
713 1073 803 1139 παῖς,
819 1070 896 1145 κορή
911 1088 965 1142 τε,
981 1071 1033 1126 καὶ
1052 1067 1181 1148 βρέφος,

235 1175 442 1250 «Προσαίτής,
458 1171 681 1245 ἀπελεύθερος,
700 1170 838 1248 οἶκέτής,
857 1177 914 1230 οὐκ
930 1169 1069 1248 οἰκέτης,
1190 1154 1198 1169 ’

236 1263 345 1349 «Ὑπὲρ
361 1277 522 1349 σκυβάλου
538 1280 695 1350 κοπρήροῦ
711 1277 765 1331 καὶ
781 1276 942 1351 δυσουρίας
956 1274 1071 1348 οὔρου,

173 1413 176 1420 ·
237 1371 310 1439 «Ἔν
330 1373 363 1435 ἓΕ
382 1377 515 1458 ἀργύρου
530 1379 656 1455 νόμισμα
675 1382 800 1450 παρεῒμε
816 1381 861 1450 τῷ
880 1378 1012 1451 ταμείῳ,

236 1481 386 1541 «Τουτίὺε
403 1483 457 1536 καὶ
474 1486 537 1538 τοῖς
554 1482 695 1558 κτήνεσιν
714 1479 850 1537 ἐτέκειτο
867 1479 901 1536 τό
917 1479 1028 1553 βάρος;

236 1587 368 1652 «Βουσὶ,
384 1589 447 1640 τοῖς
460 1581 593 1660 ἡμιόνοις
608 1603 660 1656 τε,
677 1585 730 1641 καὶ
743 1581 847 1660 μέντοι
864 1585 916 1639 καὶ
936 1585 1000 1639 τοῖς
1013 1579 1130 1638 ἵπποις,

237 1683 346 1757 «Ὓπὲρ
363 1683 497 1744 ἑκάστου
514 1687 547 1744 δὲ
563 1687 673 1758 κυνός,
689 1686 767 1759 ὑπὲρ
784 1690 848 1742 τῶν
860 1683 1011 1757 όναρίων,

236 1782 313 1847 «Ἐξ
328 1788 457 1864 ρόλλεις
469 1789 683 1862 κατεβάλλετο
700 1795 755 1844 τοῦ
771 1787 902 1863 κτήνους
919 1785 935 1843 ὁ
951 1787 1118 1843 ὁεσπόέων.

237 1875 288 1948 «Ὁ
305 1891 407 1948 τοίνυν
421 1891 614 1950 Ἀναστάσιος
632 1895 825 1966 ὁυσαιπηθεὶς
839 1883 971 1948 ἐντεύξει

236 1987 389 2066 «Ἀνδρῶν
400 1993 516 2070 μονήρη
534 1999 587 2052 καὶ
608 1995 714 2070 σεμνὸν
730 1993 957 2070 μετερρομέναιν
975 1991 1065 2065 βίον,

234 2095 407 2155 «Τοσοῦτον
426 2096 518 2169 άρθος
536 2093 651 2172 ήλασε,
668 2099 721 2154 καὶ
738 2103 925 2170 τηλικοῦτον
939 2101 1053 2172 μῦσος,

237 2196 473 2276 «Προθέλυμνον
494 2199 529 2256 τὸ
547 2179 709 2272 βλάστημα
723 2199 757 2255 τὸ
775 2203 827 2271 τῆς
842 2195 1071 2272 αἰσχροκερδίας

234 2295 503 2371 «Ἐᾶανασπάσας,
516 2304 574 2358 καῖ
588 2303 660 2374 πυρὶ
675 2303 744 2357 δοὺς
764 2298 997 2384 άρανιστηρίιρ.»

150 2395 273 2454 «Αίοιιὶιιι
287 2414 342 2446 non
363 2399 453 2449 omnia
475 2398 503 2448 in
526 2395 682 2448 hominibus
708 2394 778 2450 mala
799 2403 879 2459 sunt,
898 2395 948 2448 sed
961 2397 1088 2465 pessimis
1100 2395 1238 2448 interdum

149 2484 267 2554 «optima
284 2475 416 2556 quaedam
431 2485 589 2536 miscentur.
611 2485 722 2556 Quippe
745 2485 853 2536 tametsi
869 2484 1027 2536 Anastasius
1043 2486 1190 2555 imperator
1208 2504 1236 2538 se

149 2572 307 2642 “profanum
322 2581 349 2624 et
364 2573 479 2642 impium
491 2570 629 2624 hominem
652 2571 840 2635 declaraverit,
860 2580 950 2626 tamen
965 2570 1085 2643 plantam
1101 2573 1237 2645 quandam

148 2679 196 2719 «ex
213 2662 340 2713 universo
354 2661 469 2731 imperio
487 2661 659 2732 exstirpavit,
679 2660 755 2731 cujus
772 2669 826 2711 tam
842 2661 924 2711 amari
941 2660 1045 2712 fructus
1060 2670 1136 2712 eraut
1155 2670 1182 2713 et
1195 2681 1237 2714 ra-

144 2746 211 2826 pdix
221 2745 344 2812 letifera,
363 2757 394 2800 ut
404 2749 429 2800 ti
445 2747 556 2820 quidem
572 2746 713 2818 religionis
728 2746 941 2811 offendiculum,
959 2749 1046 2800 instar
1062 2767 1167 2800 crassae
1184 2768 1235 2801 nu-

148 2835 207 2894 «bis
227 2835 283 2905 ejus
296 2835 446 2888 luminibus
460 2854 516 2889 non
535 2836 690 2900 offecisset,
708 2835 761 2888 hoc
782 2854 867 2888 unum
887 2837 993 2889 facinus
1007 2835 1175 2906 praeclarum
1192 2838 1235 2907 ip-

148 2924 219 2982 “sius
239 2923 335 2978 sordes
357 2933 385 2977 et
404 2925 576 2996 impuritates
594 2923 703 2978 abolere
722 2926 860 2996 potuerit,
888 2925 1031 2996 omniaque
1052 2925 1104 2988 viri
1128 2926 1235 2976 saniosa

147 3009 286 3079 «vulnera,
306 3021 434 3084 tanquam
448 3030 577 3084 praesens
594 3012 744 3066 remedium
769 3031 870 3064 sanare.
889 3012 1025 3064 Nimirum
1047 3011 1161 3080 ornabat
1183 3014 1234 3064 im-

148 3097 358 3170 «probissimum
373 3098 512 3154 bominem
526 3100 640 3154 abolitio
655 3110 786 3172 perpetua
801 3098 942 3170 cujusdam
958 3102 1107 3153 exactionis
1123 3099 1234 3152 fraudu-

147 3183 265 3251 «lentaa,
285 3208 364 3260 quam
380 3191 546 3259 grammatici
563 3187 767 3262 chrysurgyrum
786 3186 988 3259 nuncupabant.
1009 3187 1086 3260 Quid
1102 3197 1191 3240 autem
1207 3200 1235 3244 et

147 3272 240 3346 «quale
258 3276 340 3356 suerit
360 3275 447 3341 illud,
464 3275 543 3330 lubet
566 3285 707 3349 exponere.
734 3276 837 3329 Omnes
857 3276 925 3339 viri,
949 3274 1091 3338 mulieres,
1110 3275 1233 3347 puellae,

147 3364 257 3433 «pueri,
275 3365 408 3429 infantes,
425 3365 562 3428 mendici,
580 3366 691 3429 liberti,
710 3365 798 3428 servi,
817 3362 916 3428 liberi,
933 3366 1043 3418 nomine
1061 3367 1189 3418 stercoris
1206 3376 1233 3418 et

146 3453 253 3511 “urinae
265 3451 330 3507 fisco
347 3472 486 3506 nummum
500 3463 655 3524 argenteum
664 3452 830 3525 pendebant.
848 3452 927 3506 Idem
943 3471 1011 3508 onus
1031 3455 1110 3504 etiam
1126 3452 1231 3523 jumen-

147 3540 197 3598 «εἰς
212 3541 370 3612 impositum
386 3551 459 3612 οιαὶ,
478 3541 568 3595 bobus
587 3541 702 3604 scilicet,
719 3538 800 3593 mulis
821 3550 848 3594 et
865 3543 950 3616 equis.
970 3542 1023 3612 Pro
1042 3539 1167 3614 quolibet
1184 3563 1231 3594 au-

135 3623 216 3686 'atem
233 3647 299 3680 cane
323 3639 350 3683 at
369 3632 445 3684 asino
473 3649 520 3684 sex
536 3630 616 3684 folles
634 3627 790 3684 numerabat
808 3631 849 3694 is,
869 3631 916 3703 qui
930 3633 1004 3683 canis
1025 3631 1127 3683 asinive
1143 3630 1231 3682 domi-

147 3733 211 3775 «nns
229 3724 309 3769 asset.
327 3718 483 3771 Anastasius
506 3739 568 3790 ergo
594 3720 734 3773 reveritus·
747 3736 843 3789 preces
862 3715 1055 3772 nonnullorum
1076 3718 1230 3789 religiosum

146 3813 239 3876 “atque
255 3803 402 3858 solitariam
415 3809 497 3860 vitam
514 3807 686 3879 degentium,
703 3815 809 3860 tantum
824 3809 893 3861 on'us
909 3816 936 3860 et
947 3806 1085 3879 piaculum
1101 3806 1228 3868 abolevit,

147 3893 277 3959 «germine
292 3897 381 3964 turpis
398 3893 469 3948 lucri
480 3895 611 3948 radicitus
627 3891 727 3958 evulso,
746 3904 772 3947 et
791 3895 849 3965 igni
866 3894 992 3947 tradito.»
1015 3898 1151 3950 cedrenus
1167 3897 1226 3946 Ιιὶςι.

146 4004 225 4057 comp.
239 3974 300 4042 edri.
318 3991 404 4042 Paris.
420 4010 484 4062 pag.
500 3995 551 4064 357
567 4005 593 4044 et
608 4009 681 4064 seq„-
706 3990 839 4068 «Ἀρήκε
861 3988 893 4046 ὁὶ
917 3992 969 4047 καὶ
996 3989 1031 4046 τό
1057 3987 1146 4046 τέλος
1173 3994 1226 4044 τοῦ
