2908 4814
738 302 803 368 114

233 458 359 534 pudens,
373 460 465 532 ipsum
479 455 623 532 amphorae
641 458 814 531 Capitolinae
828 477 875 514 ras
889 459 925 512 ad
942 457 1096 514 bibendum
1109 457 1273 525 adhibitum,
1290 465 1331 514 si-

232 549 358 620 gnificare
372 565 429 600 non
441 555 548 619 potest,
566 544 617 600 sed
636 565 778 600 mensurae
792 546 949 620 amphoram
962 545 1109 619 legitimae,
1127 549 1205 619 cujus
1223 549 1331 604 ostilia

231 638 260 689 in
280 633 417 709 Capitolio
433 643 546 690 servata.
566 632 706 688 Credibile
720 642 780 700 est,
796 636 959 708 scriptorem
973 635 1053 689 illum
1066 635 1173 690 idcirco
1191 636 1331 710 Capitoli-

230 743 294 778 nam
311 725 431 788 dixisse,
449 733 481 776 nt
493 723 581 794 justae
598 721 805 795 amplitudinis,
824 733 854 776 et
870 722 1028 794 vulgaribus
1047 727 1184 778 mensuris
1197 725 1330 796 majorem

108 877 114 884 ,
230 814 403 886 significaret.
425 811 561 865 Obserrat
578 810 764 864 Gasaubonus‘
781 811 818 864 ad
840 809 860 864 l.
887 831 911 864 c.
933 829 1074 866 mensurae
1094 813 1265 886 Capitolinas
1284 813 1330 868 rel

223 903 346 956 'urbanas
355 941 363 966 ,
375 909 423 954 aut
435 897 545 952 Italicas
564 898 652 952 dictas
673 915 750 962 esse,
760 941 765 954 .
777 917 845 972 quae
866 899 982 969 majores
1002 909 1097 952 essent
1114 900 1193 966 aliis,
1213 921 1329 975 quarum

191 1031 199 1052 .
228 988 310 1062 vulgo
327 1007 409 1054 usus,
428 979 525 1040 sallem
538 987 568 1038 in
586 988 668 1040 certis
685 986 784 1050 rebus,
802 988 884 1040 etiam
899 988 1014 1051 Romae,
1039 987 1143 1041 nedum
1167 991 1197 1042 in
1213 990 1330 1060 provin-

229 1081 281 1132 ciis
296 1086 383 1144 esset,
401 1073 554 1148 probatque
572 1072 625 1128 hcc
641 1094 674 1128 ex
687 1075 779 1130 verbis
795 1077 962 1148 Symmachi,
981 1077 1029 1148 qui
1045 1079 1115 1130 libro
1127 1079 1163 1130 X.
1181 1082 1257 1148 epa'st.
1274 1085 1330 1134 33:

231 1166 324 1227 ,Mille
340 1172 482 1218 sexcentas
502 1164 562 1216 auri
583 1162 669 1216 libras
692 1162 889 1217 decennalibus
914 1164 1025 1236 imperii
1049 1167 1092 1218 tui
1112 1165 1191 1218 fastis
1210 1163 1331 1220 devotus

231 1253 325 1316 «Ordo
343 1252 488 1326 promisit,
505 1250 618 1304 urbanis
634 1250 807 1323 ponderibus
826 1250 1037 1316 conferendas?
1056 1254 1076 1306 i.
1094 1273 1117 1306 e.
1137 1253 1259 1306 trutinae
1274 1253 1331 1306 lar-

229 1344 313 1416 gioris
330 1341 460 1394 examine.
478 1340 516 1392 Et
529 1340 591 1412 ipse
600 1340 758 1393 Priscianus
772 1337 826 1394 hoc
843 1341 961 1392 carmine
975 1359 1046 1394 rere.
1062 1357 1106 1416 29.
1122 1341 1213 1405 docet,
1230 1341 1333 1394 libram

228 1430 306 1484 urbis
324 1431 424 1484 Romae
450 1436 479 1480 et
498 1429 585 1481 totius
609 1425 703 1480 ltaliae
724 1427 825 1498 majore
841 1428 927 1480 fuisse
944 1427 1086 1500 pondere,
1107 1447 1188 1502 quam
1199 1429 1330 1482 Atticam.

230 1521 403 1593 Quamquam
415 1517 571 1590 Priscianus
585 1513 750 1588 Amphoram
765 1523 885 1579 tantum,
903 1535 954 1588 pro
980 1516 1105 1590 exemplo
1130 1535 1273 1570 mensurae
1289 1516 1332 1570 le-

229 1608 339 1678 gitimae
355 1606 385 1658 in
395 1602 540 1677 vCapitolio
555 1612 703 1666 servatam,
721 1604 861 1666 nominat,
878 1603 932 1657 hoc
947 1613 1038 1656 tamam
1051 1607 1090 1658 ita
1104 1605 1196 1676 accipi
1206 1623 1264 1658 non
1279 1605 1330 1658 de·
1437 1653 1438 1680 Χ

228 1695 294 1758 bet,
313 1714 344 1747 ac
363 1691 492 1747 sisoium
507 1709 555 1746 vas
570 1687 725 1763 amphorale
745 1689 786 1742 ibi
809 1691 969 1745 exstitisset.
989 1691 1046 1746 Sed
1063 1692 1220 1766 amphoram
1238 1696 1331 1746 nemi-

228 1802 292 1837 nare
311 1781 421 1838 videtur
439 1799 490 1852 pro
512 1769 633 1850 generali
648 1795 835 1830 mensurarum
854 1779 979 1844 nomine,
1004 1781 1068 1852 quia
1088 1777 1156 1834 hacc
1176 1780 1252 1834 basis
1269 1801 1331 1835 om-

229 1874 307 1944 niurn
319 1868 486 1931 habebatur,
505 1875 586 1939 atquc
603 1883 634 1918 ea
648 1883 775 1918 mensura
788 1868 939 1921 constituta
952 1865 1032 1920 facile
1051 1877 1202 1923 ceterarum
1221 1871 1331 1941 capaci-

229 1969 271 2013 tas
287 1955 457 2031 deprehendi
471 1963 595 2027 poterat:
615 1953 639 2005 si
666 1952 778 2025 quidem
795 1951 924 2026 amphora
944 1954 1051 2009 duabus
1077 1959 1154 2010 urnis
1170 1957 1330 2021 constabat,

230 2067 297 2100 urna
314 2054 430 2120 quatuor
444 2042 568 2112 congiis,
587 2041 703 2110 congius
719 2043 843 2094 sextariis
858 2059 907 2096 sex
921 2051 974 2097 ete.
992 2043 1030 2098 Et
1047 2046 1176 2117 congium
1192 2043 1329 2118 Capitoli-

228 2154 295 2189 num
309 2134 465 2193 restitisse,
484 2127 567 2181 docet
581 2128 726 2199 inscriptio
741 2138 820 2183 retus
835 2131 866 2184 in
879 2149 943 2184 vase
960 2131 1018 2202 ejus
1031 2151 1175 2186 mensurae
1190 2152 1269 2187 aereo
1285 2151 1330 2184 re·

229 2231 321 2294 perta,
336 2219 412 2292 quod
428 2220 459 2271 ih
473 2216 663 2290 promptuario
678 2216 843 2271 Famesiano
859 2217 1032 2274 adservatum
1041 2259 1049 2284 ,
1068 2230 1097 2273 et
1114 2241 1130 2274 a
1153 2221 1229 2274 Luca
1243 2221 1329 2273 Paeto

229 2311 259 2362 in
277 2305 350 2362 calce
367 2306 458 2379 operis
478 2305 522 2360 sui
542 2304 683 2379 depictum
704 2308 877 2378 proponitur.
897 2307 1048 2381 Inscriptio
1071 2317 1162 2364 autem
1183 2307 1249 2363 haec
1272 2317 1331 2360 est:

650 2483 909 2538 mncmsmr

624 2561 944 2632 vrsrrsi‘rcos..

592 2662 973 2719 rcsnsnvcrnnr.

678 2750 877 2806 unusvmr

657 2837 901 2894 exarmant.

676 2925 889 2982 sermono.

736 3015 768 3066 r.
787 3016 821 3068 x.

231 3224 266 3236 -
279 3190 463 3264 intelligimus
487 3208 519 3245 ea
540 3189 591 3244 hac
607 3189 806 3263 inscriptione,
824 3191 927 3244 facum
948 3192 1035 3246 fuisse
1053 3189 1136 3246 certis
1159 3193 1331 3266 temporibus

232 3282 349 3346 Romae,
368 3290 400 3335 ut
418 3297 561 3332 mensurae
584 3278 704 3332 urbanae
720 3277 834 3350 publice
854 3281 1087 3346 examinarentur,
1107 3291 1135 3334 et
1151 3280 1329 3334 adamussim

232 3368 425 3441 exemplarium
439 3369 469 3421 in
478 3365 617 3440 Capitolio
630 3375 798 3421 servatorum
814 3369 994 3440 erigerentur,
1012 3377 1059 3422 aut
1073 3371 1155 3422 etiam
1169 3387 1239 3424 nora
1253 3387 1330 3422 men-

231 3474 355 3510 surarum
373 3455 509 3528 ejusmodi
526 3454 648 3528 exempla
662 3454 698 3508 ad
716 3454 896 3528 explorandas
919 3457 985 3511 alias
1003 3459 1032 3511 in
1052 3451 1192 3530 Capitolio
1213 3476 1330 3530 repone-

232 3553 334 3600 rentur.
361 3545 431 3598 Nam
454 3546 546 3616 ipsum
570 3544 711 3614 congium,
731 3560 761 3596 ea
783 3544 965 3616 inscriptione
986 3547 1218 3616 insignitum,·ex
1237 3564 1330 3600 eornm

231 3649 345 3687 numero
360 3633 445 3685 fuisse
461 3640 546 3704 patet.
564 3632 661 3704 Neque
677 3649 740 3687 vero
760 3629 827 3685 haec
839 3635 943 3688 exactio
956 3631 1069 3706 publica
1085 3635 1255 3706 Vespasiani·
1265 3653 1331 3688 aevo

232 3722 352 3795 primum
367 3720 454 3784 facta,
471 3721 562 3773 autin
579 3717 648 3772 solis
663 3721 800 3773 mensuris
817 3723 936 3774 exercita
954 3729 1011 3790 est,
1031 3721 1098 3786 sed,
1116 3722 1240 3794 pondera
1260 3729 1330 3796 'quc-

233 3827 286 3884 que
302 3805 424 3878 legitima
437 3807 467 3860 in
484 3805 623 3880 Capitolio
640 3817 743 3861 servata
759 3817 787 3861 et
801 3818 894 3862 exacta
911 3827 988 3875 esse,
1007 3829 1040 3862 ex
1062 3812 1246 3882 inscriptione
1260 3809 1332 3862 naul-

232 3907 262 3950 te
277 3897 432 3972 antiquiore
446 3893 623 3966 intelligitur,
643 3885 757 3968 quae''in
770 3897 917 3970 exemplari
935 3897 1069 3971 ponderis
1091 3898 1165 3972 apud
1178 3902 1332 3972 Speciem,

91 3983 122 4040 ἔ,
233 3985 349 4040 Miscet.
366 3979 442 4040 erud.
461 3987 546 4056 antiq.
563 4005 629 4058 pag.
645 3991 698 4040 303
716 3992 818 4040 exstat:
