2950 4810
712 292 734 335 V

633 357 818 376 Μ

102 425 103 430 '
173 445 351 533 billonio
362 451 567 540 astratus
584 447 765 524 nutura.
786 449 858 522 tac.
871 447 977 522 tter.
996 447 1068 524 IV.
1092 445 1274 520 eatena-

176 605 274 666 nest.
296 605 387 664 tom.
406 587 487 660 III.
502 612 595 686 pag.
619 576 717 673 ros.
737 622 796 640 -·-
816 572 1013 658 Denisius
1035 571 1274 656 uberiorem

179 712 348 800 Codicis
370 711 586 815 notitiam,
621 733 662 793 et
682 737 815 822 pauca
843 703 1054 820 quaedam
1083 705 1275 790 carminis

180 848 309 933 nostri
336 845 585 961 specimina,
618 843 917 958 praefationem
947 871 1100 955 nempe
1126 839 1276 952 jambi·

180 1013 271 1067 cam
292 983 507 1092 integram,
531 1001 709 1062 etcarm.
729 985 981 1063 vers.1-'-11
1002 1000 1042 1060 et
1058 977 1274 1088 509-52.
1320 979 1323 989 “

61 1219 65 1240 ,
181 1148 249 1230 ορ.
266 1117 333 1200 eit.
356 1113 434 1201 col.
451 1115 548 1227 629.
564 1112 758 1226 protulit3
784 1108 943 1198 sedvel
962 1111 1005 1194 in
1021 1111 1164 1223 paucis
1189 1110 1276 1193 istis

179 1248 414 1354 versieulis,
441 1248 487 1332 in
510 1245 743 1332 extricanda
763 1245 961 1358 scriptura
981 1245 1135 1348 veteri,
1163 1244 1298 1355 cujus·

128 1493 130 1497 Ι
180 1381 357 1498 quidem
378 1381 602 1465 lectionem
631 1379 916 1465 difficillimam
936 1379 1199 1493 pronuntiat,
1224 1379 1280 1460 ita

180 1543 228 1603 ut
236 1546 404 1602 carmen
415 1515 496 1600 hoc
506 1516 664 1627 integre
674 1512 997 1600 describendum
1007 1513 1145 1630 plures
1161 1542 1280 1596 men·

114 1693 115 1696 ¹
181 1681 247 1737 ses
269 1649 495 1766 deposcere
515 1648 789 1764 praedicaret,
807 1651 969 1762 saepius
987 1677 1084 1754 esse
1103 1647 1279 1761 lapsum,

135 1797 146 1812 ”
183 1789 318 1870 virum
341 1783 439 1868 alias
459 1784 503 1868 in
528 1785 591 1867 his
617 1784 743 1869 rebus
764 1784 1171 1888 exercitatissimum,
1195 1813 1282 1866 me·
1367 1817 1378 1832 ·

185 1951 280 2005 eum
301 1918 530 2004 miraberis.

273 2052 452 2144 Carmen
473 2051 669 2155 alterum,
694 2062 745 2136 de
757 2061 997 2162 ponderibus
1010 2079 1050 2137 ct
1068 2067 1283 2164 mensuris,

185 2185 304 2300 quod
328 2189 371 2273 in
393 2185 553 2271 Codice
565 2211 707 2270 nostro
729 2187 1092 2304 nullumi'auctoris
1114 2217 1283 2289 nomen,

184 2320 261 2406 sed
278 2320 512 2434 simplicem
532 2319 845 2433 inscriptionem
869 2325 943 2406 «de
952 2331 1214 2430 ponderibus»
1240 2323 1285 2406 in

88 2505 96 2522 ·
185 2455 320 2540 fronte
337 2454 459 2566 gerit,
478 2453 641 2568 plenius
664 2453 841 2540 habetur
858 2455 900 2538 in
921 2479 1077 2562 nostro,
1097 2486 1225 2570 quam
1240 2458 1285 2541 iu

187 2589 308 2675 editis
341 2584 570 2694 omnihus,¹
599 2589 635 2671 si
670 2586 845 2700 quidem
881 2587 1091 2674 editiones·
1116 2614 1285 2676 centum

186 2724 394 2834 sexaginta
413 2719 579 2806 duobus
602 2747 643 2806 et
663 2721 840 2809 dimidio
860 2753 981 2808 versu
999 2724 1283 2828 absolvuntur,
1315 2745 1317 2752 ’

186 2861 229 2942 iu
253 2853 363 2940 Cod.
381 2856 487 2941 Bob.
510 2881 649 2940 autem
670 2855 871 2978 ducentos
891 2883 931 2942 et
946 2882 1040 2944 octo
1063 2889 1205 2945 versus
1226 2857 1286 2976 (et

186 2989 365 3106 quidem
371 3000 455 3100 fol.
479 2995 534 3090 48
558 3027 656 3078 vers.
677 2995 867 3095 1-155,
891 3001 975 3100 sol.
994 3012 1049 3110 49
1070 3020 1165 3078 rect.
1184 3029 1281 3079 vers.

194 3129 445 3230 rsa-155,
465 3138 595 3239 etfol.
618 3151 670 3238 70
689 3159 785 3212 vers.
803 3125 1056 3247 ess-roa)
1077 3129 1284 3243 complec-

190 3263 299 3344 titur.
328 3259 377 3343 In
404 3256 589 3350 edendis.
605 3263 694 3346 istis
720 3259 992 3376 quadraginta
1025 3263 1216 3376 quinque
1245 3289 1286 3350 et

189 3393 365 3479 dimidio
386 3393 754 3508 versibus,quibus
777 3397 933 3482 auctior
957 3421 1019 3482 est
1037 3394 1182 3482 Codex
1208 3431 1283 3485 no·

164 3581 168 3593 «
189 3555 293 3633 ster,
308 3527 528 3612 Denisium
548 3557 672 3644 saepe
689 3559 907 3644 peccasse,
925 3559 1003 3617 suo
1025 3530 1122 3620 loco
1144 3557 1283 3620 osten·

135 3736 137 3743 s
192 3663 353 3749 demus.
1254 3740 1257 3754 ,

184 3782 188 3792 ’
279 3796 448 3889 Codicis
467 3801 673 3884 character
692 3800 946 3886 minusculus
963 3799 1283 3914 longobardicus

193 3939 402 4035 saeculum
427 3922 522 4044 post
547 3932 759 4020 Christum
789 3961 932 4024 natum
961 3939 1182 4052 septimum
1217 3937 1284 4022 vel
1405 3965 1409 3978 ¹
