2908 4814
151 447 357 510 «lebatauree,
376 458 433 502 erat
452 450 525 504 enim
545 447 658 514 audire,
685 446 781 503 urbem
805 458 927 522 ceptam,
948 449 1092 504 facultates
1117 451 1256 526 direptas,

150 535 269 608 «pulsas
285 537 399 590 feminas
415 545 443 590 et
457 539 486 590 in
494 535 641 590 libidinem
653 544 771 602 coactas,
788 535 905 591 violatos
919 556 1030 611 pueros,
1049 541 1168 612 turpiter
1183 549 1255 596 trac-

153 633 264 684 suram
278 634 464 689 senectutem,
488 625 658 696 juventutem
681 624 821 689 abactam,
840 634 868 681 et
894 625 1070 682 deductas
1044 627 1181 699 virgines,
1200 648 1256 684 non

154 713 212 773 aad
226 713 337 766 felicem
351 712 497 768 thalamum
510 724 537 768 et
558 733 707 804 sponsum,
725 714 800 786 juxta
813 731 964 786 nupernam
979 734 1075 788 spem,
1093 715 1144 770 sed
1161 716 1196 770 ad
1212 715 1256 771 lu·

155 800 298 861 «dibrium
315 801 424 856 barbari
440 801 547 868 hostis,
564 771 702 857 horrendo
723 821 789 856 sane
811 802 985 876 spectaculo,
1005 805 1097 858 omnia
1121 806 1195 858 enim
1212 804 1256 860 his

154 889 314 962 «patebant.
338 922 374 934 -
398 891 456 964 Qui
478 893 563 962 igitar
580 889 677 944 horum
698 889 767 944 nihil
786 890 944 964 patiebatur
962 909 1050 965 nuper
1072 893 1184 967 quidem
1203 894 1257 948 soli

153 979 298 1038 «fortunae
316 982 414 1050 gratias
432 979 535 1042 retulit,
550 997 624 1032 nunc
639 997 703 1034 vero
718 997 782 1032 cum
797 977 844 1032 illa
859 988 886 1032 te
903 997 998 1034 omnes
1013 980 1154 1034 celebrant
1171 1001 1187 1036 o
1204 984 1255 1034 im-

153 1076 299 1139 «perator,
317 1067 346 1120 hi
362 1066 491 1141 quidem,
506 1065 583 1140 quod
598 1064 668 1120 nihil
683 1068 759 1139 passi
776 1067 848 1130 sint,
873 1066 916 1122 illi
938 1077 1029 1122 antem
1049 1069 1125 1143 quod
1142 1067 1212 1122 nihil
1224 1071 1254 1122 in

154 1165 315 1228 «posterum
329 1175 358 1209 se
376 1173 506 1228 passuros
521 1156 694 1218 existiment,
708 1152 842 1208 barbarus
861 1156 934 1210 enim
948 1156 1030 1228 digua
1045 1178 1061 1211 e
1075 1167 1103 1211 te
1120 1156 1197 1211 clade
1215 1158 1254 1209 af-

154 1246 277 1308 “lectum
295 1241 410 1296 inclinat
434 1251 532 1315 caput,
559 1251 588 1296 et
609 1241 751 1296 dominum
774 1244 913 1314 agnoscit,
933 1254 960 1298 et
976 1255 1071 1300 contre
1084 1245 1253 1300 voluntatem

154 1330 282 1390 «sobrius
306 1340 364 1398 est3
391 1329 473 1384 urbes
496 1337 587 1383 autem
609 1349 625 1382 a
648 1328 846 1384 calamitatibus
864 1331 1019 1390 liberatae.»
1040 1334 1200 1409 Sequuntur
1223 1354 1254 1387 ea
1285 1397 1287 1404 Ι

153 1439 224 1492 quae
238 1437 311 1491 supr.
330 1419 365 1471 ad
380 1437 449 1472 vore.
466 1423 621 1480 noi—205
638 1419 819 1472 recitavimus.

226 1507 305 1559 Vers.
320 1509 484 1580 266-269.
503 1504 642 1558 Ecclesiae
665 1503 765 1560 multas
782 1506 1024 1580 Constantinopoli
1050 1509 1083 1560 ab
1108 1510 1251 1564 Anastasio

152 1595 240 1647 fuisse
254 1603 416 1647 restauratas
432 1603 548 1648 testatur
557 1594 716 1648 Theodorus
729 1597 829 1650 Lector
839 1597 900 1650 lent
913 1599 1006 1656 emler.
1021 1598 1095 1650 Lttr.
1113 1599 1150 1650 ll.
1165 1617 1191 1649 n.
1209 1615 1253 1654 21

152 1685 217 1737 edit.
233 1687 277 1735 eit.
287 1697 351 1736 rom
368 1684 423 1737 ΙΙΙ.
439 1703 504 1755 pag
519 1688 580 1754 575.
598 1715 636 1726 -
652 1681 811 1741 Antiochiae
825 1682 968 1738 basilicam
984 1685 1026 1738 St.
1042 1683 1133 1740 Rufini
1147 1687 1253 1784 instau-

149 1773 222 1826 ravit
238 1779 364 1822 narrante
382 1773 495 1824 Matala
514 1767 577 1824 edit
599 1774 697 1827 Venet-
713 1785 776 1826 tom.
789 1774 829 1825 II.
847 1793 912 1845 pag
929 1783 973 1836 41

222 1859 301 1913 Vers.
321 1863 483 1930 apo-288.
502 1859 546 1912 De
560 1861 695 1913 maritimo
710 1858 763 1914 boc
777 1861 914 1914 Anastmu
924 1858 1050 1934 periculo
1067 1857 1138 1913 nihil
1153 1879 1169 1912 a
1185 1863 1254 1915 acri-

149 1945 279 2020 ptoribus
296 1948 442 2000 memoriae
457 1946 601 2020 proditum
618 1958 667 2001 est.

221 2036 299 2088 Vers.
319 2040 478 2110 289-308·
498 2036 690 2089 DeAnastasii
708 2034 823 2099 familia,
842 2055 923 2109 quam
936 2053 1109 2090 numerosam
1126 2037 1251 2090 fuisseet

150 2122 325 2195 splendidam
341 2127 488 2198 Procopius
506 2126 617 2178 Caesar.
632 2125 666 2177 de
681 2126 750 2178 bello
769 2145 840 2197 pers.
856 2127 929 2180 Libr.
950 2129 974 2180 I.
991 2145 1052 2197 cap·
1044 2125 1117 2179 .Χ[.
1131 2145 1197 2198 pag·
1213 2143 1250 2200 29
1332 2117 1334 2124 ¹

149 2221 283 2275 testatur,
300 2214 397 2284 paucis
410 2210 463 2266 boc
479 2210 542 2266 loco
562 2210 774 2284 dispiciendum.

220 2301 356 2353 Anastasii
372 2308 516 2372 parentum
534 2318 634 2354 nornen
653 2319 668 2351 a
688 2296 870 2370 scriptoribus
891 2297 1034 2370 proditum
1057 2318 1113 2354 non
1139 2308 1200 2354 est·
1219 2299 1250 2354 id

149 2389 262 2441 unicum
278 2387 424 2451 doeemur,
441 2395 547 2460 patrem
562 2384 735 2459 Dyrrhachio
755 2385 904 2458 Epidamni
928 2385 1090 2451 oriundum,
1110 2386 1248 2458 ,religione

149 2477 292 2540 Arianum,
310 2484 423 2528 matrem
435 2494 516 2539 vero,
536 2493 656 2528 sororem
675 2472 800 2529 Clearchi
816 2475 924 2538 Ariani,
942 2471 1130 2530 Manichaeam
1153 2477 1249 2529 fuisse.
1302 2533 1305 2540 Ι

149 2562 214 2618 vid.
231 2563 423 2634 Theophanem
435 2583 500 2636 pag.
521 2581 580 2634 117.
602 2565 776 2618 Theodorum
793 2565 935 2618 Lecturam
949 2565 1023 2616 Libr.
1040 2564 1082 2616 II.
1099 2583 1125 2615 n.
1144 2585 1167 2635 7.
1184 2566 1247 2617 edit.
1308 2629 1310 2635 Ι

148 2657 193 2704 eit.
212 2664 276 2705 tom.
292 2653 347 2706 ΙΙΙ.
363 2671 428 2725 pag.
446 2657 507 2723 572.
521 2653 673 2723 Evagrium
686 2653 761 2705 Libr.
778 2652 835 2704 Ill.
845 2672 905 2723 cap.
921 2669 964 2725 29.
981 2652 1044 2703 edit.
1054 2656 1098 2705 cit.
1114 2665 1177 2704 tom.
1191 2654 1247 2706 ΙΙΙ.

146 2759 214 2811 pag.
229 2743 290 2811 557.
311 2740 461 2792 Cadrenum
476 2759 541 2810 pag.
557 2745 619 2811 557.
638 2741 776 2794 Victorem
795 2742 987 2792 Tununenrem
1003 2759 1068 2811 pag.
1090 2757 1150 2812 ¹⁰9·

220 2827 263 2878 De
280 2825 337 2896 ejus
350 2829 477 2899 prosapia
493 2845 508 2878 a
524 2823 705 2879 Christodoro
728 2835 756 2880 et
779 2827 920 2880 Prisciano
938 2835 1033 2878 nostro
1057 2829 1148 2898 poetis
1158 2865 1166 2890 ,
1186 2829 1246 2898 qui-

145 2914 215 2977 bus,
241 2913 378 2988 quidlibet
400 2913 521 2968 audendi
544 2932 652 2986 semper
676 2915 730 2967 fuir
754 2934 839 2988 aequa
864 2923 1003 2987 potestas,
1030 2913 1066 2966 ad
1084 2913 1245 2986 Pompeium

147 3003 278 3074 Magnum
293 3000 391 3066 relata,
410 3020 489 3074 supra
507 3001 624 3054 advers.
645 3008 765 3059 10-15
788 3001 915 3054 elisimus.
943 3005 1093 3075 Procopius
1118 3003 1247 3076 Gazaeur

149 3113 193 3162 op,
215 3097 259 3145 cit.
284 3103 347 3144 tom.
367 3091 406 3143 ΙΙ.
429 3111 495 3162 pag.
519 3107 553 3164 29
571 3106 627 3142 non
648 3089 760 3163 quidem
775 3091 911 3142 Anastasii
934 3091 1038 3160 gentis,
1057 3089 1107 3142 sed
1125 3091 1247 3143 omnium

148 3198 260 3242 eorum,
279 3180 326 3251 qui
339 3175 487 3250 Epidamni
501 3177 558 3230 nati
572 3186 646 3242 sunt,
664 3179 884 3253 antiquissimum
898 3195 983 3248 genus
997 3178 1138 3251 praedicat
1151 3186 1179 3230 et
1195 3197 1245 3232 no-

149 3265 323 3320 bilissimum.

220 3353 371 3424 Conjugem
382 3351 479 3404 habuit
493 3352 651 3406 Anastasius
667 3351 813 3406 Ariadnam
832 3354 934 3406 Leonis
958 3352 1052 3425 Magni
1071 3351 1168 3417 filiam,
1188 3373 1244 3406 ma-

148 3431 333 3497 trem'Leonis
344 3441 457 3494 minoris
474 3449 501 3494 et
511 3441 630 3493 Zenonis
639 3440 756 3494 viduam.
776 3438 842 3512 Ejus
856 3443 1032 3512 potissimum
1047 3441 1243 3495 consilioslna-

149 3532 262 3586 stasium
275 3529 478 3592 silentiarium,
498 3547 579 3602 quem
596 3529 702 3583 vivente
724 3527 814 3582 adhue
837 3529 946 3583 Zenone
961 3539 1108 3593 amaverat,
1126 3530 1241 3601 impera-

147 3630 234 3674 torem
251 3620 434 3671 rcnnntiatum
449 3618 535 3670 fuisse
548 3625 672 3671 auctores
689 3619 873 3672 consentiunt.
891 3617 956 3671 Vid.
966 3618 1158 3690 Theophanem
1175 3637 1241 3689 pag.
1343 3640 1346 3652 ·

148 3727 208 3781 ¹17·
234 3709 374 3759 Zonaram
398 3708 472 3760 Lttr.
490 3707 571 3762 XIV.
585 3725 651 3778 pag.
673 3712 716 3776 55.
737 3707 889 3761 Cedrenum
910 3726 975 3778 pag.
992 3711 1043 3778 557
1066 3714 1094 3758 et
1107 3706 1241 3777 imprimis

148 3799 310 3868 Procopium
328 3796 469 3848 Gazaeum
480 3816 523 3867 op.
539 3799 582 3847 cit.
600 3805 662 3847 tom.
678 3795 717 3846 ΙΙ.
734 3815 800 3868 pag.
815 3803 858 3852 32.
882 3793 961 3847 Idem
978 3795 1069 3848 innuit
1083 3795 1238 3847 Priscianus

149 3899 238 3938 noster
252 3903 317 3936 vers.
337 3889 388 3938 5οι
399 3891 492 3955 -507
512 3903 574 3935 cum
589 3883 779 3954 campestrium
794 3899 921 3953 regnum,
940 3882 1042 3936 Leonis
1066 3882 1168 3956 quippe
1184 3897 1240 3930 maa

148 3973 194 4042 gni
209 3971 298 4035 filiam,
317 3971 393 4023 {irino
407 3971 533 4043 principe
546 3972 675 4032 munisse,
685 3969 817 4024 mundum
833 3989 947 4044 seseque
955 3971 1013 4026 viro
1030 3967 1161 4023 tuendam
1175 3987 1240 4040 per-
