2908 4814
670 364 854 384 μ

307 445 435 516 «Ηῃοοιίἰ
453 453 563 516 spector
581 440 718 508 tumulus,
736 441 861 497 sednon
879 453 942 516 tego
961 463 1061 518 corpus

311 531 496 592 “Ausonidum
514 532 597 596 tanti,
615 539 707 584 tantus
727 533 849 604 etipse,
868 531 956 586 ducis.

306 621 445 695 «Namque
462 620 515 674 viri
531 619 636 672 meritis
654 618 761 672 nullum
778 621 845 674 satis
864 639 924 674 esse
943 618 1119 693 sepulchrum

308 709 409 769 «Terra
425 717 542 781 putans,
560 709 652 780 ipsum
671 706 755 760 donat
771 705 875 769 habere,
888 709 982 761 mari.»

206 795 357 850 Planudem
370 794 423 849 boe
440 814 547 848 cannen
561 813 618 848 non
634 794 803 849 intellexisse
814 799 880 850 satis
894 805 1007 868 apparet
1015 793 1089 858 hiuc,
1098 794 1176 869 quod
1184 794 1256 848 illud
1277 797 1313 846 iu

207 894 289 956 caput
309 884 343 937 de
367 883 503 954 naufragis
521 881 653 936 retulerit.
671 865 843 936 lastinianris
862 883 981 956 Hypatio
998 882 1134 937 tumulum
1150 885 1314 957 exstrunit,

206 981 237 1024 ut
252 971 304 1026 boc
319 979 432 1044 apparet
446 990 479 1023 ex
494 969 549 1024 alio
568 972 696 1035 carmine,
706 970 782 1044 qnod
791 971 825 1026 ab
838 971 899 1025 aliis
913 970 1023 1024 Juliauo
1032 972 1177 1044 Aegyptio,
1196 971 1230 1024 ab
1241 970 1312 1024 aliis

205 1057 512 1131 AgathiaeScbolastico
528 1057 703 1122 adscribitur,
717 1059 791 1131 apud
805 1062 922 1114 Bruack.
940 1081 967 1114 ο.
978 1081 1006 1133 g.
1018 1073 1082 1114 tom.
1098 1061 1138 1114 ΙΙ.
1154 1080 1221 1132 pag.
1238 1067 1309 1118 510.

309 1151 427 1214 «Aaron
442 1149 520 1211 ἅναξ
534 1151 676 1230 νεμέσησε
696 1154 943 1232 πολυφλοίσβοιο
960 1156 1117 1230 θαλάσσης

308 1253 482 1330 altipassus,
494 1241 644 1314 ‘Trarion
660 1260 747 1332 σῶμα
762 1254 1026 1334 καλυφαμένοιοκ

307 1343 432 1417 «Ἤθελε
445 1360 504 1439 γάρ
518 1377 571 1436 μιν
588 1350 670 1432 ipsse
686 1356 777 1438 γέρας
791 1353 941 1443 ὕστατον,
958 1351 1008 1414 oio
1024 1360 1174 1426 Savum,

308 1463 388 1521 «Καὶ
397 1455 669 1540 μεγαλοφροσύνης
683 1460 782 1540 κρύψε
797 1464 938 1518 θάλασσα
954 1462 1051 1534 σάρον.

307 1554 445 1635 «Ἔνθεν,
460 1563 616 1638 πρηϋνόου
630 1563 756 1638 aparine
767 1561 847 1643 μέγα
864 1567 991 1643 δεῖγμα,
1011 1561 1133 1642 φαεινὸν

306 1665 457 1742 «Τίμησοο
474 1669 574 1744 neret>
589 1663 697 1742 σήματι
713 1669 794 1744 τῷδε
808 1662 930 1730 νέκυν.»

206 1761 328 1814 Antonio
344 1762 440 1824 Staio,
458 1762 492 1814 V.
511 1759 574 1826 CL,
591 1761 758 1834 interprete:

306 1849 379 1909 «Rex
396 1850 457 1920 ipse
475 1846 633 1903 horrisonae
650 1852 732 1922 ponti
750 1851 910 1904 succensuit
926 1847 1034 1911 undae,

207 1996 214 2022 ι
306 1937 436 2008 «Ηγραῐὶί
454 1955 555 2008 corpus
574 1936 649 2010 quod
667 1938 724 1990 iera
743 1946 909 2010 contegeret.

305 2025 390 2085 «Nam
407 2022 495 2079 voluit
512 2026 637 2077 functum
655 2026 949 2098 supremosconsequi
966 2023 1086 2080 honores
1095 2061 1104 2086 ,

305 2113 358 2172 «Et
375 2129 447 2164 mars
465 2113 643 2184 magnanimis
662 2111 774 2166 obstitit
792 2113 897 2166 officiis.

302 2200 405 2263 «Hinc,
424 2200 507 2252 animi
525 2208 557 2253 ut
573 2201 649 2254 mitis
668 2199 863 2254 documentum
880 2200 1025 2272 praebeat,
1043 2197 1129 2252 hocce

305 2286 460 2350 «Illustrem
476 2305 561 2342 vacuo
580 2288 747 2342 condecorat
764 2287 896 2342 tumulo.»

205 2374 332 2430 Putidsm
344 2377 373 2429 in
389 2373 442 2429 hoc
458 2378 577 2430 carmine
592 2376 776 2431 adulationem
793 2374 969 2450 reprehendit
980 2375 1149 2428 anokius:
1169 2371 1221 2426 snb
1238 2372 1296 2425 lau-

206 2464 296 2518 dantis
316 2465 408 2537 specis
428 2463 568 2518 lulianum
587 2465 701 2518 irridere
717 2467 902 2518 Justinianum
917 2471 1012 2518 censet
1024 2464 1168 2518 Jaootsrm
1186 2463 1224 2515 ad
1238 2462 1297 2516 Au-

206 2554 307 2627 tholog.
328 2555 391 2607 Vol.
408 2555 446 2606 ΙΙ.
463 2555 494 2606 Ρ.
511 2556 562 2607 111.
577 2573 643 2626 pag.
659 2561 721 2628 597.
739 2552 788 2606 Nil
804 2571 903 2606 moror.

276 2641 396 2697 Uxorem
411 2640 533 2712 Hypatii,
543 2642 784 2703 nomincMariam,
798 2643 947 2711 Procopius
966 2640 1077 2691 Caesar.
1092 2639 1126 2691 de
1143 2639 1213 2691 hello
1225 2657 1294 2708 pers.

205 2731 265 2784 libr.
281 2731 305 2782 1.
324 2749 385 2800 cop.
401 2738 444 2791 sl·
460 2750 525 2800 pag.
542 2751 573 2802 7¹
593 2743 620 2783 et
637 2747 670 2804 72
692 2729 821 2782 feminam
840 2715 1081 2800 prudentissimam
1102 2745 1134 2778 ac
1154 2726 1296 2779 continen-

205 2818 354 2889 tissimam,
373 2825 476 2880 narrat,
495 2819 638 2880 maritum,
657 2816 750 2870 duma
767 2816 909 2871 seditiosis
925 2817 955 2868 in
977 2816 1067 2869 sorum
1079 2823 1236 2886 raperetur,
1254 2832 1295 2865 re-

205 2913 335 2969 tentasse,
354 2914 381 2958 et
395 2903 512 2958 ululanti
523 2923 590 2958 voce
603 2903 742 2971 clamasse,
759 2903 897 2959 bominem
910 2903 945 2956 nd
962 2912 1076 2956 mortem
1091 2900 1170 2966 trahi,
1189 2911 1217 2955 et
1230 2904 1294 2954 arni-

192 3011 301 3048 xcornm
319 2996 439 3048 omnium
453 3011 534 3065 opem
547 2991 723 3065 implorasse;
742 2991 794 3047 sed
809 2990 986 3046 multitudine
1010 2990 1180 3062 praevalente
1203 3009 1218 3042 a
1237 2993 1294 3042 viro

205 3081 368 3136 abstractam
384 3092 412 3135 st
427 3080 569 3154 depulsam
585 3082 680 3135 fnisse.
697 3113 735 3124 --
751 3079 868 3135 Liberos
889 3079 1016 3152 Hypatii,
1035 3097 1149 3152 quorum
1168 3096 1293 3130 numerus

207 3178 234 3221 et
250 3172 361 3224 nomina
378 3189 393 3223 a
408 3171 517 3223 nemine
529 3171 676 3223 memoriae
689 3168 798 3241 prodita
820 3177 902 3233 sunt,
920 3169 1093 3221 lastinianus
1112 3165 1224 3219 tandem
1238 3165 1293 3236 pri-

205 3257 278 3310 stino
296 3256 391 3328 gradui
403 3258 540 3321 restituit,
557 3267 639 3332 atque
658 3277 671 3310 e
686 3256 879 3321 facultatibus,
897 3255 1035 3332 quidquid
1057 3255 1152 3308 amicis
1175 3272 1231 3307 uon
1248 3251 1294 3305 de-

206 3343 298 3408 derat,
316 3346 351 3398 iis
367 3343 508 3410 reddidit,
528 3355 598 3400 teste
614 3349 748 3416 Procopio
762 3349 780 3398 l.
798 3367 821 3398 o.
834 3367 899 3419 pag.
917 3356 958 3419 74.

274 3432 353 3486 irene
368 3432 481 3506 Magnae
499 3431 569 3497 filia,
588 3418 699 3504 Hypatii
711 3453 805 3496 soror,
825 3433 941 3504 Olybrio
962 3431 1077 3504 juniori,
1096 3427 1247 3483 Areobindi
1261 3447 1292 3480 er

117 3529 121 3539 '
203 3517 312 3575 Juliana
325 3522 437 3584 Anicia,
456 3519 545 3594 (cujus
561 3519 718 3574 liberalitati
736 3521 928 3580 celeberrimus
944 3520 1039 3574 Codex
1053 3517 1229 3573 Dioscoridis
1243 3518 1295 3590 ,qni

203 3626 277 3663 nunc
293 3605 501 3662 inbibliotheca
517 3627 640 3664 caesarea
648 3593 858 3665 vindobonensi
875 3611 1130 3681 servatur,scriptus
1146 3615 1173 3660 et
1188 3605 1291 3679 planta-

203 3716 263 3750 rum
277 3696 369 3768 figuris
392 3705 519 3762 ornatus,
539 3696 654 3752 debetur
662 3700 680 3770 ,)
700 3698 756 3752 lilio
772 3700 876 3771 nupsit
895 3697 961 3769 Ejus
977 3698 1083 3769 posteri
1106 3698 1137 3751 in
1159 3694 1289 3765 diagram-

204 3794 274 3838 mate
290 3783 460 3857 genealogiae
474 3784 597 3840 Valentis
618 3787 790 3860 imperatoris
806 3787 880 3860 apud
902 3787 1074 3840 Lambecr'um
1091 3804 1184 3838 comm.
1205 3785 1238 3836 de
1254 3785 1290 3835 bi-

205 3874 296 3930 street.
314 3891 415 3927 ooescr.
434 3887 498 3928 tom.
512 3876 552 3930 ΙΙ.
561 3895 626 3950 pag.
647 3879 700 3936 585
715 3883 916 3930 recensentur·

271 3961 343 4016 llaec
352 3961 527 4018 delnastasii
536 3961 717 4020 familiadicta
727 3963 869 4028 sufficiant,
877 3963 954 4034 orsjus
962 3959 1296 4034 hoedisgrammaaccipee
