2908 4814
656 263 722 336 105

246 461 259 490 u
281 469 287 480 .
308 469 313 484 .
336 467 341 480 .
362 466 367 477 .
390 465 395 478 .
441 425 540 480 scribit
558 425 720 500 damnatque
738 423 870 489 tabellm,

244 517 392 578 ..11110111
410 523 437 569 et
457 513 555 569 delet-³³

140 623 199 680 Ubi
213 622 269 680 vid.
286 632 345 676 not.
357 630 445 676 noatr.
464 619 529 674 edit.
546 629 612 675 tom.
631 620 679 675 1v.
698 634 759 694 pag.
778 637 835 696 127.
856 620 962 675 Graeca
981 637 1034 674 vox
1048 627 1091 673 est
1107 627 1166 674 tota
1181 621 1236 674 lin-

140 732 191 784 gua
208 729 317 784 graeca,
335 711 420 766 uuita
436 709 523 781 «graia
539 717 567 762 et
579 708 663 765 latina
676 725 753 765 vox.»
774 710 852 764 Ouid.
874 711 955 764 Triat.
972 710 1029 762 111.
1045 726 1086 765 12.
1104 715 1148 784 59.
1168 723 1194 764 et
1210 725 1236 765 2.

138 807 182 874 67.
204 801 380 855 Barnun.

212 889 245 945 V
241 908 277 940 ox
291 902 403 950 nostra,
415 887 435 941 i.
452 905 474 940 e.
490 903 607 940 romana.
629 888 754 968 Graeca,
769 885 845 962 quod
859 885 1028 939 Burmannus
1044 904 1107 938 cum
1121 883 1238 938 Pithceo

139 987 168 1030 et
185 977 285 1038 Riyino
300 975 450 1047 usurpavit,
469 973 557 1029 ceola
573 975 693 1028 Caesarii
711 973 868 1046 conjectura
879 983 943 1038 ¹eat,
961 991 1013 1026 nec
1031 975 1143 1046 scriptis
1156 973 1236 1027 libris

140 1065 241 1117 nixum.
261 1064 432 1118 Waansn.

131 1217 134 1228 Ι
211 1153 295 1206 Hor-ia
308 1165 377 1226 quot
388 1152 522 1213 mundae,
534 1145 609 1204 Edd.
621 1167 693 1203 omn.
712 1181 748 1192 -
764 1150 801 1202 In
816 1170 845 1206 aa
855 1150 928 1204 horis
937 1151 1013 1224 qnod
1027 1152 1154 1212 mundns,
1166 1149 1237 1204 Cod.

138 1247 206 1308 Bab.
224 1265 239 1300 a
255 1267 297 1320 pr.
312 1245 414 1301 m.·aed
430 1267 446 1300 a
460 1265 516 1300 aec.
534 1249 563 1300 in
575 1266 604 1298 ae
616 1248 728 1318 punctis
744 1255 864 1310 notatur,
884 1253 911 1299 et
930 1249 975 1323 τῷ
995 1247 1056 1298 din
1071 1248 1146 1320 quod
1161 1261 1172 1300 t
1187 1248 1239 1298 im-

140 1345 271 1416 positum.
291 1347 326 1398 In
340 1363 368 1396 ae
383 1361 398 1395 e
411 1361 480 1398 vers.
498 1347 541 1400 25·
560 1343 708 1413 repetitum
725 1360 785 1395 esse
798 1349 882 1414 patet.

209 1437 318 1504 peragit
329 1428 401 1483 Edd.
418 1449 491 1485 omn.
507 1463 541 1474 -
557 1445 670 1504 peraget
686 1429 759 1508 ⁶⁰³ae
774 1429 842 1485 Bob.
861 1449 931 1504 apr.
947 1448 983 1482 m.
999 1428 1050 1486 sed
1075 1449 1106 1482 ex
1129 1430 1237 1484 emend.

142 1539 196 1574 aec.
213 1527 317 1591 recept.

209 1625 287 1680 Vers.
303 1627 346 1682 28.
366 1629 395 1679 in
410 1644 502 1685 anno,
519 1622 589 1678 cod.
605 1622 672 1677 Bob.
689 1623 741 1676 Ed.
752 1623 859 1677 Caesar.
870 1625 1074 1695 etposteriores
1091 1642 1237 1678 omnes.-

139 1719 166 1767 in
184 1733 302 1778 annum,
314 1710 394 1781 'Cod
414 1710 520 1765 Thuari.
534 1711 587 1765 Ed.
605 1712 703 1765 Venet.
718 1721 751 1778 et
768 1731 836 1786 quae
854 1731 885 1764 ex
902 1731 932 1764 ea
946 1710 1091 1765 fluxerunt.

208 1819 287 1874 Vers.
308 1835 350 1894 29.
370 1820 448 1872 Haec
462 1839 563 1892 magno
578 1819 678 1881 Latio,
697 1816 788 1871 codd.
803 1816 871 1872 Bob.
893 1816 1011 1890 Guelph.
1035 1838 1057 1873 ι.
1077 1828 1104 1871 et
1120 1833 1146 1872 2.
1165 1816 1240 1872 Edd.

141 1906 237 1960 Venet.
252 1906 331 1980 Lipa.
352 1927 374 1962 1.
389 1911 419 1960 et'
431 1923 456 1964 2.
474 1906 609 1962 Wernsd.
628 1939 664 1950 -
681 1909 759 1960 Haec
773 1926 875 1978 magna
884 1907 984 1970 Latio,
1001 1906 1091 1962 codd.
1107 1907 1136 1962 S.
1147 1906 1239 1961 Germ.

140 2004 167 2048 et
186 1994 281 2066 Regin.
301 2025 336 2036 --
352 1997 430 2048 Haec
442 1997 532 2068 major
548 1995 629 2048 Latio
637 2023 648 2057 ,=
668 1993 741 2048 Edd.
763 1994 870 2048 Caesar.
889 1994 980 2048 Vinet.
1007 1995 1103 2048 Const.
1120 1991 1238 2066 Agriccl.

138 2102 184 2155 op.
202 2083 248 2135 cit.
264 2102 325 2156 pag.
345 2100 405 2140 121.
826 2073 830 2079 ’
925 2067 929 2074 ’

170 2155 173 2160 ’
208 2172 312 2244 Major.
331 2169 435 2226 Vocem
453 2169 608 2242 adripuisse
632 2164 731 2232 credo,
751 2171 814 2242 quia
834 2171 862 2222 in
884 2171 1012 2242 sequenti
1030 2189 1110 2226 versu
1129 2168 1239 2242 legeba-

138 2268 197 2333 tur:
213 2259 323 2317 «Attica
340 2279 404 2310 nam
417 2263 506 2311 minor
522 2271 576 2311 est»
596 2259 625 2310 in
642 2257 694 2310 Ed.
711 2258 809 2310 Venet.
827 2265 856 2309 et
873 2257 950 2328 Lips.
959 2297 967 2322 ,
980 2245 1033 2310 sed
1046 2255 1113 2310 mihi
1125 2278 1241 2330 «magno

139 2353 167 2400 in
182 2349 281 2400 Latio»
302 2339 409 2418 placet,
427 2353 459 2398 ut
475 2343 611 2416 intelligat
627 2353 712 2397 totam
727 2341 850 2408 Italiam,
870 2353 898 2397 et
920 2364 971 2416 per
992 2359 1100 2418 gentem
1116 2359 1241 2418 togatam

139 2433 258 2502 Urhcm;
277 2432 347 2486 hene
363 2431 462 2487 libram
472 2431 617 2487 essenrbis
632 2433 733 2485 Romae
746 2441 774 2484 et
787 2432 873 2484 totius
891 2431 973 2497 Latii,
992 2431 1044 2484 sub
1063 2452 1117 2504 quo
1133 2431 1241 2485 Italiam

141 2519 365 2596 comprehcndit,
384 2519 458 2574 unde
473 2523 556 2575 toties
571 2519 646 2594 apud
666 2521 815 2592 scriptores
836 2519 943 2573 italicae
962 2538 1104 2572 mensurae
1124 2528 1152 2574 ct
1169 2537 1240 2592 pon·

140 2610 204 2664 dera
219 2617 406 2662 memorantur
419 2608 494 2682 apud
508 2629 618 2680 graecos
633 2608 767 2673 medicos,
785 2628 820 2661 ne
835 2609 1071 2662 confunderentur
1088 2626 1151 2662 cum
1165 2627 1240 2680 grae-

139 2700 196 2763 cis,
214 2698 289 2750 utin
305 2696 433 2770 amphora
452 2707 480 2749 et
494 2706 607 2750 metreta
623 2698 747 2751 ostendit
761 2695 888 2769 Agricola
906 2697 940 2750 de
949 2715 1036 2752 mens.
1050 2716 1137 2769 graec.
1152 2717 1180 2770 p.
1189 2701 1238 2761 48:

140 2795 213 2839 certe
227 2789 316 2860 major
333 2787 362 2837 in
379 2783 455 2838 nullo
472 2784 542 2839 cod.
559 2794 654 2840 exstat.
673 2786 857 2840 Buanann.

209 2873 321 2937 Latina,
339 2873 432 2927 italica
449 2872 520 2927 libra
538 2883 582 2927 est
597 2893 629 2927 ex
646 2873 794 2928 duodecim
809 2875 916 2942 unciis;
937 2893 1005 2948 quae
1023 2881 1088 2926 sunt
1097 2870 1239 2926 drachmae

139 2963 287 3034 nonaginta
304 2981 359 3014 sex.
379 2962 448 3016 Vrn
457 2981 472 3013 a
482 2981 506 3015 r.

211 3051 333 3111 «Unciae
349 3048 497 3103 duodecim
511 3048 590 3103 libra.
610 3051 694 3104 Libra
711 3049 754 3107 vel
772 3051 844 3102 mina
858 3052 955 3114 attica,
976 3047 1117 3102 drachmae
1129 3033 1238 3122 septua-⁸

141 3139 232 3208 «ginta
248 3139 378 3212 quinque.
398 3135 482 3190 Libra
499 3137 544 3192 vel
559 3141 632 3193 mina
647 3139 718 3212 graja
741 3136 883 3193 drachmae
909 3147 1018 3190 centum
1043 3140 1171 3212 quinque.
1192 3141 1238 3193 Li·

141 3223 205 3288 «hra
222 3224 265 3279 vel
280 3228 353 3278 mina
366 3224 459 3278 italica
474 3225 615 3280 drachmae
630 3229 777 3299 nonaginta
797 3242 869 3280 sca.»
890 3229 1046 3280 Priscianus
1061 3223 1079 3279 l.
1097 3246 1120 3279 c.

211 3318 340 3386 gentique
354 3345 391 3355 -
403 3319 560 3394 genitique,
579 3315 631 3370 Ed.
647 3317 738 3412 Patag.
751 3334 812 3368 ann.
833 3319 901 3373 1565
915 3313 1023 3369 vitioso.

210 3419 288 3473 vers.
308 3427 351 3476 30.
369 3420 464 3474 Attica
474 3442 538 3474 nam
553 3428 641 3476 minor
655 3417 711 3478 est:
731 3436 770 3476 ter
785 3427 905 3496 quinque
920 3421 991 3476 hanc
1009 3422 1125 3494 denique
1141 3422 1238 3476 dracia-

139 3511 205 3568 mis,
220 3507 293 3559 Edd.
313 3506 431 3582 pleraeq.
452 3541 483 3552 -·
499 3512 594 3564 Attica
611 3524 656 3564 terv
667 3516 787 3584 quinque
794 3514 908 3580 faciens
924 3511 995 3562 lianc
1009 3511 1124 3582 deniqne
1140 3511 1238 3566 drach-

139 3601 207 3659 mis,
222 3594 292 3650 cod.
309 3596 338 3651 S.
357 3595 448 3650 Germ.
464 3629 499 3639 -
511 3599 606 3653 Attica
621 3620 685 3654 nana
700 3605 788 3652 minor
805 3612 845 3652 est
860 3611 900 3652 ter
915 3603 1049 3672 quinques
1072 3601 1109 3650 ad
1123 3597 1238 3672 denique

140 3687 280 3758 dragmis,
299 3684 368 3738 cod.
384 3684 453 3740 Bch.
473 3705 488 3739 a
509 3707 551 3759 pr.
568 3707 603 3740 m.
623 3688 673 3742 sed
695 3707 727 3762 aa
742 3688 848 3742 emend.
865 3706 919 3740 sec.
940 3699 997 3747 “ter
1011 3691 1147 3758 quinieat
1161 3690 1237 3766 aieni-

139 3795 192 3846 que
200 3787 226 3838 ,³²
248 3781 276 3826 et
290 3793 305 3826 a
317 3792 387 3827 man.
398 3784 460 3828 tcrt.
470 3776 499 3828 in
507 3795 589 3848 marg.
608 3779 827 3852 «quinquadria»
839 3779 901 3842 Huc
911 3774 992 3828 etiam
1006 3775 1036 3828 in
1051 3765 1121 3829 (sod.
1131 3773 1235 3828 Thuan.
1299 3777 1301 3782 '

140 3861 235 3916 sedin
259 3861 329 3916 cod.
350 3863 445 3934 Regin.
468 3884 520 3920 von
541 3865 606 3920 haec
632 3865 717 3920 deest.
744 3897 778 3910 ·-
803 3868 897 3922 Attica
913 3884 979 3918 nam
995 3868 1093 3940 [major
1109 3877 1164 3926 est,
1183 3864 1234 3918 Ed.

48 3976 51 3979 ·
141 3947 217 4022 Lips.
233 3970 293 4004 aun.
312 3960 386 4015 1514.
