2950 4810
594 297 780 397 ...u-

359 468 472 532 rbam
486 461 626 561 primus
642 455 716 532 Nili
733 475 984 549 construxerat
1001 463 1091 552 oris,

325 570 399 646 die
415 573 617 676 prohibens
633 571 745 646 urbes
759 589 961 672 cautusque
978 577 1091 648 flaturi
1099 631 1111 665 ‚

293 711 360 790 pre
380 691 510 764 famem
527 691 651 792 potuit
669 686 786 763 divina
803 692 949 763 vincere
970 717 1066 763 cura.

236 807 313 880 l'er
331 825 367 879 te
382 803 514 879 seditio
533 808 681 907 penitus
697 802 843 878 deletur
859 803 903 876 ab
921 805 1033 895 urbe,

239 925 422 996 Innocuos
438 920 597 1024 spolians
616 921 684 993 sub
702 940 817 994 terras
833 920 910 995 sole
924 939 1101 1011 retraet05

21 1123 24 1128 ¹
130 1063 214 1112 220
239 1039 331 1111 Nam
345 1042 446 1116 aives,
457 1035 588 1110 mediis
603 1035 803 1110 caedebant
818 1036 1009 1110 moenibus
1026 1061 1131 1126 ense,

239 1153 464 1228 Bacchantes
480 1151 633 1224 stimulis
651 1152 744 1242 vini,
764 1152 968 1253 plausuque
987 1156 1206 1242 frementes,

241 1269 292 1341 Et
303 1268 430 1370 spoliis
447 1267 548 1368 pacis
567 1264 768 1366 gaudentes
786 1287 894 1342 nocte
912 1270 1056 1369 paratis.
1085 1341 1094 1360 ,

246 1389 331 1488 ipse
346 1403 446 1458 vetas
461 1380 592 1475 ludos,
611 1385 809 1455 animarum
826 1380 975 1477 damna,
993 1381 1171 1480 nefandos
1181 1437 1192 1475 ‚
1261 1425 1264 1434 ι

244 1503 367 1597 Atque
380 1497 584 1598 voluptates
603 1496 780 1600 prohibes
795 1523 816 1570 a
836 1501 1009 1596 sanguine
1026 1502 1138 1589 surni,

138 1617 217 1692 225
245 1615 419 1714 Corporis
434 1632 472 1686 et
487 1639 592 1686 causa
605 1612 782 1716 pascendi
797 1613 957 1716 perdere
973 1616 1104 1705 vitam,

244 1731 428 1802 Humanos
449 1754 575 1803 arcens
594 1729 746 1804 lacerari
762 1727 932 1804 dentibus
951 1750 1070 1824 artus,

138 1891 142 1900 ·
245 1843 446 1935 Dentibus,
465 1865 624 1918 armatur
636 1846 755 1920 rabies
773 1841 907 1946 quibus
927 1866 1003 1920 atra
1017 1849 1186 1918 ferarum.

246 1961 298 2040 Et
311 1985 486 2061 superans
505 1986 630 2036 omnes
648 1963 778 2036 mentis
793 1962 951 2052 novitate
965 1958 1162 2059 benignae,

246 2073 385 2150 Sufficis
401 2072 503 2148 baud
522 2079 640 2152 animo
657 2078 820 2180 cupienti
836 2075 1027 2151 commoda
1042 2077 1182 2150 cunctis
1223 2087 1225 2094 ’

141 2193 220 2270 230
234 2193 404 2290 ¹Largiri3
423 2191 584 2289 quamvis
601 2219 793 2266 numerum
808 2185 987 2266 vincentia
1001 2191 1138 2283 donas,

246 2309 429 2406 Ingenuos
445 2306 629 2397 relevans,
645 2305 787 2382 occulte
803 2332 955 2380 munera
967 2327 1174 2409 praestans,

252 2423 419 2522 Namque
434 2425 536 2524 cupis
554 2421 689 2523 Superi
707 2441 743 2496 te
759 2421 861 2495 cerni
874 2421 1013 2494 lumine
1030 2422 1127 2513 solo,

253 2537 503 2640 corrupitque
522 2557 627 2610 tuum
641 2562 716 2611 non
732 2536 806 2612 ulla
821 2537 995 2640 superbia
1009 2557 1140 2639 peetus
1148 2593 1160 2629 ‚

251 2655 485 2750 Affectusque
501 2651 618 2726 bonos
638 2655 784 2728 minime
804 2655 949 2728 fortuna
966 2655 1110 2729 novavit
1117 2681 1128 2744 3
1201 2707 1217 2737 .

148 2767 224 2843 235
250 2767 299 2839 Et
307 2771 529 2867 qmcumque
538 2770 805 2871 prius,eaperes
813 2787 1075 2871 quaursoeptra
1083 2788 1240 2866 rogatus,

252 2879 414 2956 offendit
432 2886 604 2986 propriae
624 2903 820 2958 temeratus
840 2885 989 2958 crimine
1005 2884 1153 2986 eulpae,

250 2998 380 3071 Felicis
402 2996 538 3072 domini
555 3001 690 3073 fruitur
706 3026 806 3072 nunc
821 3018 987 3100 tempore
1001 2999 1118 3090 laeto,

189 3217 191 3220 Ι
250 3115 414 3188 Praemia
426 3118 644 3217 pro'poenis
663 3117 815 3218 speratis
835 3141 979 3190 sumere
996 3118 1140 3190 mirans.

255 3229 383 3302 Omnia
410 3228 477 3303 sed
492 3252 661 3333 superat,
677 3231 872 3331 Princeps,
887 3233 1083 3332 praeconia
1098 3250 1218 3306 vestra
1248 3253 1363 3306 roten.

154 3342 229 3432 240
253 3343 490 3446 Propositum
505 3350 671 3449 sapiens,
690 3373 765 3446 quo
783 3342 876 3418 fidos
895 3345 996 3444 eligis
1012 3346 1114 3420 aulae
1274 3313 1341 3364 ⁰⁰¹³

255 3459 455 3554 Custodes,
477 3489 546 3564 per
563 3488 656 3562 quos
677 3462 837 3536 Romana
853 3448 1018 3565 potentia
1036 3483 1192 3536 crescat:
1227 3469 1230 3474 ’
1298 3461 1306 3474 “

256 3575 306 3648 Et
328 3602 421 3675 quo,
441 3578 555 3654 Roma
575 3596 679 3656 vetus
698 3579 796 3650 misit
810 3604 1073 3679 quoscumque,
1087 3578 1242 3677 benigne

255 3689 466 3787 sustentas,
478 3685 583 3770 'omni
601 3696 904 3796 penitus·ratione
917 3692 1095 3785 fovendo,

255 3806 431 3882 Provebis
447 3830 485 3884 et
501 3808 673 3910 gradibus
690 3810 886 3913 praeclaris
905 3808 1020 3886 laetus
1042 3809 1243 3898 bonorum3

159 3922 229 4010 245
255 3923 289 3998 N
291 3925 311 3998 'e
327 3922 447 4000 damni
464 3928 603 4031 patriae
615 3952 742 4003 sensus
757 3927 887 4004 fiantve
908 3925 1072 4019 dolores,
