2950 4810
806 235 868 350 u'

387 443 554 535 Quorum
570 460 771 542 prostratas
789 446 964 518 recreasti
981 443 1145 520 funditas
1169 445 1307 518 urbes

283 555 359 654 ¹185
385 555 557 631 Portibus
572 574 611 629 et
622 557 754 650 muris,
772 555 954 634 undarum
972 578 1011 632 et
1025 559 1213 632 tractibus
1233 560 1339 639 altis.

387 673 495 746 Nunc
511 690 591 744 tuto
608 691 739 744 nautae
754 693 930 775 repetunt
943 672 1005 747 hio
1022 677 1112 748 ostia
1126 676 1233 748 velis
1249 732 1264 765 ‚

389 788 463 878 Qui
483 784 595 860 dubio
616 784 801 887 quondam
817 790 945 892 pejora
963 789 1127 892 pericula
1139 812 1281 894 ponto

389 905 470 974 Jam
488 905 621 1003 patrias
642 930 722 976 oras
741 903 947 979 tolerabant
958 931 1048 979 nave
1065 924 1280 997 tenentes,

389 1018 623 1115 Naufragium
639 1005 789 1091 navibus
806 1023 910 1092 fessis
927 1024 1084 1095 statione
1101 1023 1305 1110 minante,

298 1160 364 1234 ¹9⁰
389 1135 557 1233 Disjectis
575 1131 749 1224 claustris,
768 1137 900 1236 quihus
913 1162 1052 1236 aequor
1063 1139 1258 1233 frangitur
1271 1135 1403 1206 altum:

391 1247 579 1326 Sednunc
593 1269 675 1324 vota
690 1248 762 1323 deo
781 1255 912 1326 servati
927 1270 1080 1355 pectore
1094 1269 1173 1326 toto
1181 1305 1194 1340 ,
1223 1243 1228 1256 ’

336 1411 343 1421 ,
389 1367 463 1438 Pro
479 1370 617 1466 pietate
633 1386 695 1439 tua
704 1419 716 1457 ,
734 1393 807 1468 qua
819 1371 971 1469 respicis
992 1369 1128 1457 omnia,
1146 1365 1339 1440 fundunt

390 1480 574 1579 Agricolas
587 1483 761 1554 miserans
776 1471 968 1585 dispendia
985 1509 1091 1556 saeva
1105 1481 1254 1554 relaxas
1269 1535 1283 1572 ,

394 1598 503 1669 Curia
521 1600 704 1698 perversis
718 1623 801 1670 nam
823 1619 941 1672 cessat
960 1598 1123 1672 moribus
1142 1600 1270 1670 omnis
1277 1625 1290 1686 3

301 1713 365 1813 ¹95
391 1713 470 1786 Nec
483 1709 571 1788 licet
586 1711 729 1810 injustis
742 1711 848 1788 solito
867 1733 1103 1790 contemnere
1119 1712 1245 1810 leges:

394 1827 502 1902 Nunc
518 1830 659 1926 equites
673 1824 831 1900 horrent
848 1817 1033 1903 rectorum
1046 1828 1145 1928 jussa
1161 1827 1370 1909 vehentes,

393 1941 428 2016 N
429 1969 472 2014 ec
487 1941 580 2013 lucri
595 1969 702 2015 causa
717 1947 952 2020 commiscent
968 1971 1068 2016 sacra
1085 1945 1265 2045 profanis.
1313 1933 1324 1944 ⁰

187 2095 216 2122 ι»
393 2056 533 2129 Judicis
552 2059 631 2158 ipse
647 2056 779 2132 sedens
792 2058 906 2156 judex
917 2059 1082 2132 caelestis
1100 2061 1217 2154 imago
1226 2113 1240 2148 ,

393 2173 467 2244 Per
480 2193 516 2244 te
530 2172 733 2277 respondes
750 2173 901 2278 populis
915 2173 1060 2248 oracula
1072 2189 1214 2265 sancta,

298 2311 369 2359 noo
394 2285 547 2386 Projicis
562 2308 600 2362 et
613 2289 753 2380 nullos,
771 2294 839 2365 nisi
859 2293 923 2391 qui
941 2316 1017 2364 non
1032 2291 1129 2388 justa
1141 2302 1359 2388 reposcunt.

378 2401 533 2504 ‘Aurum
547 2430 622 2477 non
636 2404 806 2497 adhibes,
823 2404 1055 2479 moderantes
1072 2423 1154 2476 ante
1173 2403 1345 2476 solebant
1440 2437 1441 2450 κ

397 2516 510 2607 Quod
528 2517 615 2607 dare
624 2573 637 2611 ,
655 2547 702 2594 ne
719 2520 828 2594 liceat
842 2522 961 2594 socios
976 2537 1142 2592 evertere
1156 2519 1264 2592 furtis
1273 2572 1287 2608 ‚

396 2631 650 2733 Exemploque
659 2633 769 2709 doces
779 2654 970 2736 quaestum
979 2640 1217 2708 contemnere
1229 2651 1383 2733 turpem·
1442 2669 1443 2690 r

213 2773 261 2823 cot.
279 2791 293 2835 ².
399 2747 554 2834 Tirones
570 2749 655 2823 forti
674 2777 845 2826 numeros
862 2775 962 2824 nunc
975 2747 1090 2824 milite
1110 2747 1318 2851 complent,

300 2858 373 2936 205
397 2861 569 2961 Veroque
585 2892 660 2938 non
677 2869 796 2968 pretio
805 2922 817 2957 ,
836 2862 903 2940 sed
916 2862 1051 2937 robore
1072 2866 1173 2962 signa
1186 2879 1382 2936 merentur·

383 3055 386 3063 ¹
398 2975 500 3067 Quid
512 2980 616 3078 quod
632 2981 819 3083 dispensas
837 2979 990 3055 cerealia
1004 3006 1157 3054 munera
1170 2981 1283 3070 vitae,

396 3083 557 3169 Luxurie
570 3098 773 3198 prohibens
788 3097 898 3186 urbes
916 3117 1119 3196 cautusque
1134 3095 1260 3167 futuri.

397 3206 477 3280 Nec
494 3235 640 3284 sensum
664 3211 812 3319 populis
832 3209 921 3285 caeli
934 3214 1110 3314 paenuria
1126 3208 1282 3312 praehet
1291 3263 1304 3298 ,

397 3320 436 3395 si
455 3320 577 3396 desint
587 3326 742 3420 imbres,
757 3354 827 3400 nec
838 3328 973 3429 linquit
987 3329 1093 3428 copia
1106 3325 1249 3398 victusz'

302 3461 372 3510 210
400 3438 641 3541 Consiliisque
659 3446 730 3516 tuis
748 3468 933 3517 servamur
948 3469 1058 3543 saepe
1070 3443 1241 3542 paternis.

397 3552 603 3656 Aegyptum
618 3578 759 3660 septem
773 3562 826 3630 sic
839 3577 958 3632 servat
973 3553 1145 3656 Iosiphus
1165 3581 1277 3630 annos
1307 3633 1309 3637 ,

399 3667 487 3762 Ille,
504 3670 702 3772 pudicitiae
717 3676 853 3748 meruit
868 3675 933 3772 qui
949 3669 1070 3744 sidera
1082 3674 1173 3744 fama
1181 3725 1193 3760 ,

401 3784 514 3884 Cujus
527 3787 681 3890 placavit
696 3790 872 3893 sapientia
887 3789 1043 3860 numinis
1058 3789 1149 3878 iras,

402 3901 624 4006 Memphites
643 3908 736 4004 regis
754 3904 897 3986 solvens
915 3905 1090 3978 insomnia
1104 3905 1203 3978 mira.
1259 3957 1264 3964 .
