2950 4810
472 290 480 315 l
742 285 788 353 40

230 450 310 508 «τῶν
328 439 499 504 οἰκούντων
521 445 551 502 αἱ
574 444 716 502 πλεῖσται
739 445 906 523 γεγόνασι.»
941 448 1085 506 «Ceterum
1116 434 1314 498 Constantinus

228 542 285 601 „his
301 543 339 595 ita
361 543 507 614 perfectis,
534 538 671 594 exhaurire
694 558 751 592 non
776 538 919 592 desinebat
942 539 1083 611 vectigalia
1104 539 1313 610 largitionibus,

138 679 141 688 ,
227 649 311 702 «σακε
326 649 382 684 non
401 629 449 683 ubi
464 638 596 701 parerat3
616 628 666 681 sed
683 630 712 681 in
728 625 851 682 homines
873 628 1001 699 indiguos
1026 637 1053 680 et
1069 628 1180 680 inutiles
1203 627 1313 680 fiebant.

226 717 278 776 «Et
294 716 469 771 collatoribus
485 716 595 790 quidem
615 715 779 770 tributorum
803 717 890 788 gravis
908 727 980 781 erat,
999 716 1062 770 illos
1085 726 1174 769 autem
1193 715 1314 769 cumule-

227 807 291 866 «bat
304 804 418 878 opibus,
438 805 486 877 qui
500 803 571 858 nulli
587 823 645 856 esse
661 808 723 858 usui
738 816 873 878 poterant.
892 805 961 859 Nam
982 807 1169 876 profusionem
1187 823 1237 875 pro
1253 823 1313 856 mu-

168 911 170 916 ·
225 893 380 954 «nificentia
395 891 520 945 ducebat.
539 892 617 946 Idem
631 901 659 944 et
676 895 733 945 auri
747 895 904 966 argentique
922 893 1096 947 collationem
1110 893 1243 962 imposuit
1255 910 1313 944 om-

225 981 323 1042 «nibus
338 981 441 1054 ubique
453 990 583 1033 terrarum
597 983 796 1052 negotiationes
813 981 1012 1044 exercentibus,
1032 991 1060 1033 et
1075 978 1243 1032 dardanariis
1263 998 1313 1050 op-

225 1069 383 1141 «pitaram,
401 1068 437 1120 ad
453 1069 600 1124 vilissimos
617 1087 721 1142 usque;
741 1088 775 1121 ne
798 1071 906 1123 miseris
930 1067 1040 1143 quidem
1060 1065 1242 1120 meretriculis
1262 1063 1313 1119 hac

225 1156 385 1216 ..collatione
401 1155 533 1209 liberatis.
552 1157 648 1229 ltaque
663 1156 756 1211 videre
772 1165 842 1222 erat,
871 1160 977 1231 quoties
995 1165 1106 1230 quartus
1131 1157 1247 1227 quisque
1265 1173 1313 1205 an—

224 1263 291 1304 „nus
310 1243 468 1316 adpeteret,
488 1264 542 1316 qno
557 1243 690 1298 tributum
705 1244 777 1298 illud
791 1244 970 1318 pendendum
991 1254 1062 1307 erat,
1080 1261 1167 1296 moras
1187 1261 1238 1314 per
1255 1261 1313 1294 om-

224 1351 287 1391 „nes
302 1333 384 1386 urbes
401 1332 532 1403 lacrymas
548 1342 575 1386 et
589 1331 728 1404 ploratus:
748 1333 797 1386 ubi
809 1354 872 1388 vero
887 1335 940 1405 jam
955 1333 1119 1394 advenisset,
1138 1331 1249 1383 nonnisi
1263 1329 1313 1382 ssa-

223 1441 285 1492 «gra
301 1429 490 1494 tormentaque
507 1420 669 1493 corporibus
686 1441 780 1475 eorum
796 1421 933 1485 adhibita,
961 1422 1009 1494 qui
1030 1429 1144 1492 propter
1168 1427 1313 1491 pauperta-

223 1518 293 1568 «tem
312 1518 457 1562 extremam
474 1511 608 1562 sustinere
621 1508 751 1580 jacturam
765 1508 834 1562 hano
851 1528 906 1562 nou
928 1517 1050 1580 possent.
1071 1507 1148 1580 Quin
1169 1517 1196 1560 et
1208 1505 1312 1560 liberos

223 1599 313 1668 «ipsae
330 1606 429 1650 matres
451 1595 652 1661 distrahebant,
680 1607 707 1650 et
725 1607 817 1671 patres
841 1597 908 1650 filias
934 1594 1153 1669 prostituebant:
1170 1614 1201 1646 ex
1217 1593 1312 1656 harum

222 1693 353 1756 «quaestu
373 1682 542 1755 chrysargyri
556 1683 726 1737 exactoribus
751 1688 894 1757 pecuniam
919 1685 1023 1738 offerre·
1038 1685 1133 1735 coacti.
1163 1683 1311 1754 Quumque

223 1771 437 1843 ..splendidioris
463 1773 543 1823 etiam
565 1773 689 1824 fortunae
706 1771 864 1826 hominibus
889 1774 1041 1842 excogitare
1067 1769 1198 1843 quiddam
1213 1767 1313 1831 vellet,

222 1859 313 1932 «quod
328 1861 367 1910 eis
385 1857 507 1911 dolorem
522 1859 647 1912 afferret:
668 1859 818 1932 quemlibet
834 1859 930 1913 horum
945 1860 981 1913 ad
996 1868 1135 1933 praeturae
1151 1857 1312 1928 dignitatem

222 1946 369 2010 «vocabat,
394 1955 422 1998 et
441 1937 554 1998 honoris
576 1957 719 2018 praetextu
739 1966 865 2018 magnum
889 1951 1020 2020 pecuniae
1045 1946 1155 2019 pondus
1180 1944 1312 2014 exigebat.

222 2035 346 2093 ssIdcirco
366 2035 473 2106 quoties
494 2033 529 2086 ad
553 2033 635 2090 urbes
656 2037 810 2100 venissent,
829 2038 877 2108 qui
897 2035 976 2106 hujus
996 2038 1037 2088 rei
1058 2033 1215 2086 mandatum
1229 2031 1313 2084 habe-

222 2122 318 2180 abant:
336 2120 428 2175 videre
446 2130 502 2174 crat
518 2122 608 2191 sugam
626 2125 746 2176 omnium
763 2133 791 2176 et
805 2125 1004 2195 profectionem
1027 2122 1062 2176 ad
1076 2131 1233 2188 extraneos3
1254 2140 1312 2172 me-

223 2211 374 2268 «tuentium
390 2226 424 2260 ne
440 2228 502 2262 eum
516 2207 675 2262 facultatum
688 2211 850 2265 detrimento
867 2210 1027 2282 dignitatem
1040 2207 1110 2261 hanc
1126 2209 1313 2280 adipisceren-

222 2306 289 2356 «tur.
309 2295 435 2348 Habebat
449 2306 539 2349 autem
549 2296 686 2370 descripta
699 2301 818 2353 virorum
836 2297 1047 2351 clarissimorum
1062 2298 1232 2376 patrimonia,
1251 2297 1312 2368 qui-

178 2429 181 2438 .
223 2384 289 2443 «bus
310 2394 337 2437 et
361 2383 494 2437 tributum
518 2386 664 2456 imposuit,
686 2386 760 2459 quod
779 2388 839 2458 ipse
863 2385 956 2438 follem
971 2386 1146 2456 nuncupavit.
1166 2383 1202 2435 Et
1218 2381 1312 2452 hujus-

222 2471 314 2531 «modi
331 2489 395 2524 sane
410 2471 603 2525 collationibus
618 2472 701 2526 urbes
719 2473 849 2528 exhausit.
868 2473 937 2526 Nam
953 2492 1035 2544 quum
1052 2474 1132 2524 etiam
1144 2471 1226 2542 longo
1242 2481 1312 2522 tem-

223 2579 304 2630 aporo
320 2569 386 2631 post
401 2561 613 2613 Constantinum
637 2559 745 2613 duraret
767 2581 856 2614 earum
878 2562 999 2622 exactio,
1017 2557 1158 2630 paullatim
1175 2557 1311 2611 exhaustis

225 2646 406 2718 «oppidorum
417 2648 530 2711 divitiis,
541 2647 574 2704 ab
584 2647 782 2702 habitatoribus
788 2646 931 2720 complura
940 2648 1046 2700 deserta
1060 2648 1193 2700 suerunt.»
1211 2645 1313 2716 Chrys-

220 2736 309 2804 argyri
330 2735 447 2806 vectigal
472 2737 641 2790 Anastasium
666 2738 774 2807 imperii
795 2738 838 2789 sui
864 2754 934 2788 anuo
960 2735 1083 2798 decimo,
1108 2737 1155 2807 qui
1181 2744 1223 2787 est
1245 2744 1310 2806 post

221 2819 362 2877 Christum
378 2833 470 2875 natum
487 2831 547 2887 500,
565 2822 726 2886 sustulisse,
744 2843 837 2877 omnes
854 2827 964 2876 omuino
982 2825 1140 2893 scriptores,
1160 2825 1206 2896 qui
1220 2842 1261 2874 res
1277 2823 1310 2874 ab

221 2931 252 2962 eo
275 2919 364 2981 gestas
386 2911 474 2964 literis
497 2913 707 2982 consignarunt,
725 2930 780 2965 uno
805 2933 850 2966 ore
874 2921 1017 2965 testantur.
1037 2911 1088 2962 Rei
1105 2919 1195 2980 gestae
1213 2913 1310 2964 seriem

220 2998 350 3063 referunt,
370 3001 565 3053 Constantinus
577 3001 761 3053 Manassest‘n
778 3001 911 3054 Chronico
929 3001 991 3052 edit.
1006 3001 1092 3052 Paris.
1106 3019 1171 3070 pag.
1186 3001 1238 3056 63:

308 3112 416 3188 ‹i’Allt'
437 3129 547 3207 οὐγὰρ
566 3131 662 3188 πάντα
682 3129 720 3185 τὰ
734 3131 817 3186 κακὰ
836 3131 977 3202 πρόσεστι
992 3132 1057 3185 τοῖς
1074 3124 1267 3200 ἀνθρώποις,

307 3226 427 3291 «Ἀλλὰ
446 3231 659 3310 συγκρίνονται
675 3231 748 3288 κοτὲ
765 3232 819 3288 καὶ
837 3229 984 3305 βέλτιστα
1000 3230 1171 3287 κακίστοις·

308 3329 463 3410 «Βὲβηλος
480 3334 536 3414 γὰρ
553 3338 606 3390 καὶ
622 3332 768 3408 δυσσεβὴς
787 3329 876 3392 οὗτος
895 3338 996 3414 φανεὶς
1015 3330 1032 3390 ὁ
1049 3336 1192 3406 κράτωρ,

307 3429 424 3509 «Ὅμως
440 3428 576 3509 ἕξώρυσε
591 3436 685 3516 φυτὸν
703 3441 757 3516 γῆς
771 3440 864 3512 πάσης
879 3433 1059 3512 Tarpeites,

308 3532 376 3598 «οὗ
392 3540 444 3595 καὶ
462 3542 576 3612 καρποὶ
593 3546 809 3614 ereptarum,
825 3542 878 3596 καὶ
895 3542 1023 3596 Θάνατος
1035 3534 1052 3614 ἡ
1070 3537 1150 3612 dida.

307 3632 379 3699 «Ὣς
398 3637 460 3718 εἴγε
472 3644 514 3717 μὴ
531 3642 565 3698 τὸ
584 3643 761 3719 πρόσκομμα
779 3643 814 3698 τὸ
830 3635 899 3713 περὶ
915 3643 969 3714 τὴν
986 3639 1149 3714 θρησκείαν

308 3727 439 3817 «Ὠσπερ
454 3745 535 3816 παρὸ
549 3746 603 3801 καὶ
618 3743 748 3814 θολερὸν
765 3741 966 3800 ἀνεκεσκόκει
981 3738 1088 3819 νέφος·

308 3843 427 3902 «Τοῦτο
441 3850 493 3903 καὶ
508 3848 602 3921 μόνον
619 3847 653 3904 τὸ
671 3845 769 3905 καλὸν
787 3845 908 3919 inposta
926 3841 962 3901 da
983 3844 1153 3924 συγκρύψαι

309 3946 389 4004 «Tris
407 3944 481 4004 ὅλας
497 3949 706 4026 ρυπαρότητας
724 3950 777 4006 καὶ
798 3950 849 4004 rtis
865 3945 1067 4024 ἀκαθαρσίας,
