2950 4810
665 251 771 333 ''vr

667 358 850 374 Μ

210 459 403 524 octavum
423 435 567 543 reform
589 435 806 518 atramenti
830 436 975 546 exigua
1001 416 1234 548 quaedam,
1263 463 1303 526 et

205 569 456 656 luculentior
469 568 614 654 calami
633 565 861 674 diversitas,
871 566 1052 654 diversas
1071 601 1218 656 manus
1231 571 1303 658 de-v

206 703 437 790 scribendis
465 694 726 790 carminibus¹
743 704 893 790 nostris
922 733 1094 818 operam
1115 703 1301 812 dedisse,

1 831 2 863 ³
114 947 118 956 .
205 838 300 924 satis
323 851 511 950 arguunt.

291 972 340 1054 In
371 973 559 1057 carmine
572 981 623 1056 dc
650 979 772 1056 tande
796 979 996 1058 Anastasii
1020 983 1298 1084 Imperatoris,

203 1107 447 1220 scripturam
464 1105 680 1218 gracilem,
706 1130 906 1217 erectam,
938 1137 961 1190 e
979 1107 1096 1219 nigro
1118 1107 1298 1210 susem,

103 1348 110 1359 ,
202 1267 307 1324 vers.
333 1243 416 1348 178
442 1241 589 1353 excipit
613 1241 820 1325 character
845 1241 1039 1347 crassior,
1063 1241 1188 1356 paulo
1210 1273 1298 1327 ma·

201 1373 262 1484 gis
282 1373 501 1460 inclinatus
523 1397 565 1459 et
581 1372 787 1488 pallidior,
800 1375 1011 1487 cuiusque
1029 1372 1083 1459 ad
1098 1404 1202 1460 vera.
1215 1393 1297 1492 spa

92 1551 93 1562 κ
201 1508 465 1622 continuato,
487 1511 638 1594 iterum
659 1512 866 1594 character
885 1507 955 1594 ille
977 1509 1089 1622 prior
1108 1510 1295 1624 gracilior

200 1643 404 1746 succedit,
424 1672 513 1756 quo
532 1644 657 1758 etiam
676 1673 845 1747 carmon·
858 1641 1099 1727 absolvitur.

287 1773 468 1860 Carmen
502 1787 553 1862 de
579 1785 817 1887 ponderibus
842 1801 882 1863 et
913 1791 1102 1860 mensuris
1135 1774 1293 1891 orditur

190 1907 622 2023 'scripturagracilh‘a
645 1911 781 2023 primo
806 1909 953 2024 prioris
980 1911 1171 1995 carminis
1200 1911 1294 1995 cha-

197 2067 353 2132 ractere
368 2075 517 2158 parum
535 2042 721 2152 diversa,
738 2071 847 2156 quae
864 2072 1000 2157 usquc
1018 2041 1072 2127 ad
1090 2072 1196 2129 vers.
1214 2049 1293 2129 155

33 2255 36 2262 .
73 2273 76 2279 .
199 2177 473 2266 continuatur.
495 2177 673 2291 Reliqua
690 2177 881 2262 carminis
897 2205 1002 2292 ¹pars
1027 2174 1198 2262 demum
1209 2159 1293 2288 fol.

201 2342 255 2420 70
275 2317 371 2397 vers.
395 2335 491 2427 post
509 2313 721 2426 interjecta
748 2313 859 2397 varia
887 2337 1074 2429 excerpta
1092 2342 1295 2425 gramma-

195 2446 294 2547 tica,
316 2477 339 2533 a
368 2448 559 2534 carminis
579 2445 709 2532 nostri
729 2470 971 2556 argumento
991 2443 1152 2534 diversa
1164 2510 1177 2552 ,
1199 2448 1293 2531 cha-

194 2603 350 2664 ractere
371 2579 664 2683 crassiusculo,
695 2576 903 2664 secundae
929 2580 1120 2665 carminis
1142 2578 1291 2694 prioris

193 2712 416 2826 scripturae
435 2716 533 2802 satis
558 2711 703 2816 simili,
726 2709 964 2828 absolvitur.

280 2845 427 2934 Insunt
452 2871 664 2962 praeterea
691 2843 882 2933 carminis
909 2848 1140 2960 hujus155
1161 2849 1286 2934 versi·

189 2978 271 3068 bus‘
289 2980 499 3094 prioribus
518 2979 721 3094 plurimae
742 2981 1044 3084 correctiones,
1070 3011 1093 3066 a
1123 2978 1287 3066 duabus

192 3111 365 3200 diversis
384 3114 577 3204 manibus
589 3113 730 3200 factae.
750 3113 909 3198 Harum
925 3144 1051 3200 unam
1062 3178 1074 3218 ,
1091 3143 1200 3230 quac
1219 3116 1285 3224 vix
1338 3152 1340 3156 ·

107 3350 108 3358 .
190 3249 409 3334 crassiores
441 3251 691 3334 characteres
719 3249 970 3352 efformavit,
996 3278 1125 3363 quam
1150 3250 1284 3363 prima

190 3380 259 3466 illa
277 3412 439 3487 manua,
459 3379 707 3488 secundam3
729 3381 912 3486 alteram,
933 3411 1042 3495 quae
1061 3383 1113 3469 ab
1134 3380 1281 3466 eadem

134 3555 138 3564 ¹
189 3545 339 3618 manu,
374 3546 484 3630 quae
515 3545 680 3601 carmen
712 3516 969 3605 continuavit
1008 3540 1049 3602 ct
1080 3517 1281 3627 absolvit,

187 3647 393 3764 proficisci
417 3649 601 3754 videtur,
621 3649 784 3734 tertiam
810 3650 1016 3765 appellare
1037 3649 1170 3742 liceat.
1196 3651 1279 3735 Ea.

188 3781 287 3868 dem
314 3806 374 3869 cst
400 3783 669 3871 nihilomiuus
691 3783 862 3870 diversis
883 3785 947 3874 his
968 3785 1161 3897 manibus
1181 3783 1279 3870 scri-

156 3893 162 3916 *
184 3914 318 4013 tendi
336 3920 605 4027 oeconomia,
621 3916 770 4010 eadem
789 3915 998 4009 scribendi
1018 3915 1279 4040 compendia,
