2908 4814
21 2015 23 2034 ι
107 1985 171 2038 ooli

722 255 772 322 ot

653 337 837 354 n*

309 413 500 489 Intervalla
511 434 597 489 nota
606 468 619 506 ,
630 415 807 514 quantum
825 409 1034 486 discesserit
1049 413 1165 510 illinc,

307 531 596 630 Quotquenotis
612 528 724 602 distet
736 554 915 630 suspenso
931 527 1100 629 pondere
1113 533 1224 606 filum.

214 647 279 737 145
305 649 378 721 Fac
398 645 584 718 drachmis·
597 643 731 717 distare
749 645 877 716 tribus.
900 644 1163 744 Cognoscimus
1181 676 1283 749 ergo

225 809 228 822 ι
305 763 455 861 Argenti
474 780 583 859 atquc
598 762 676 849 auri
691 758 915 833 discrimina:
936 758 1097 861 deniqne
1115 765 1251 841 libram

306 878 417 950 Libra
424 875 542 947 tribus
551 873 732 962 drachmis
742 894 902 976 superat,
912 899 995 949 cum
1003 883 1181 978 mergitur
1188 881 1317 954 unda.

250 993 418 1072 Sume
437 988 573 1064 dehinc
589 1017 728 1084 aurum,
748 993 808 1062 cui
823 1018 907 1091 pars
924 1013 1093 1091 argentea
1106 999 1214 1070 mixta
1231 1019 1317 1090 est,

306 1106 530 1206 Argentique
548 1109 641 1180 meri
658 1133 725 1207 par
739 1105 906 1207 pondus,
930 1109 1092 1242 itemque
1114 1111 1181 1182 sub
1199 1111 1317 1185 unda

214 1224 281 1298 150
306 1222 513 1294 Lancibus
503 1224 716 1321 impositum·
728 1242 867 1353 specta:
885 1221 1107 1325 propensior
1125 1230 1202 1298 auri

306 1339 502 1428 Materies,
517 1337 692 1409 subsistet
707 1339 820 1428 enim,
839 1340 1052 1437 furtumque
1071 1337 1232 1415 docebit.

307 1453 401 1526 Nam
410 1455 444 1524 si
457 1472 515 1525 ter
537 1455 633 1525 senis
648 1451 881 1553 superabitur
894 1453 1006 1527 alteia
1019 1449 1225 1550 drachmis,
1287 1455 1290 1459 ’

310 1569 382 1644 Sex
393 1567 488 1640 solas
506 1566 615 1639 libras
631 1571 708 1640 auri
726 1565 888 1662 dicemus
906 1563 1046 1661 inesse,

307 1685 458 1781 Argenti
475 1683 676 1800 reliquum:
692 1685 778 1782 quia
792 1682 843 1753 nil
858 1684 895 1754 in
911 1681 1080 1784 pondere
1099 1682 1217 1760 differt
1234 1707 1238 1712 '

217 1801 284 1877 155
308 1801 509 1898 Argentum
531 1815 700 1908 argento,
727 1795 878 1896 liquidis
891 1825 974 1872 cum
989 1803 1166 1898 mergitur
1180 1793 1309 1878 undis.

84 1931 102 1976 ι
103 1929 202 1990 otffqov
308 1915 410 1987 Haec
422 1911 551 2010 eadem
570 1939 664 2014 puro
684 1911 918 2027 deprendere
933 1931 1128 2025 possumus
1142 1943 1250 2036 auro,

298 2030 351 2103 si
365 2057 432 2130 par
448 2031 612 2152 corrupti
629 2025 776 2129 pondus
792 2054 876 2130 pars
897 2017 1018 2120 altere
1025 2043 1154 2128 gestet.

276 2144 405 2222 Nam
420 2146 591 2242 quotiens
609 2146 721 2216 ternis
738 2169 821 2244 pars
840 2143 986 2216 inlibata
1004 2149 1158 2243 grauarit
1225 2231 1229 2240 ι

318 2262 539 2360 Corruptam
553 2257 733 2341 drachmis
754 2259 821 2331 sul)
838 2285 943 2358 aqua,
962 2280 1018 2334 tot
1033 2263 1154 2336 inesse
1171 2265 1319 2338 notabis

222 2379 290 2454 160
314 2375 464 2472 Argenti
480 2373 611 2465 libras,
632 2402 720 2474 quas
736 2378 834 2448 fraus
846 2378 1062 2476 permiscuit
1076 2403 1176 2452 auro.
1432 2386 1434 2479 l

313 2491 403 2564 Pars
423 2492 531 2563 etiam
544 2489 659 2562 librae
677 2492 823 2590 quaevis
842 2493 872 2562 si
888 2492 983 2564 sorte
1002 2497 1182 2593 supersit,
1247 2553 1249 2557 .

262 2712 280 2718 ..
313 2602 1306 2710 Haecquoquedrachmarnmsimilitibipartenotetur.
1432 2586 1434 2654 l

358 2841 397 2912 N
399 2865 442 2913 ec
451 2864 526 2912 non
536 2859 573 2912 et
582 2841 660 2922 sine
670 2843 774 2939 aquis
783 2836 911 2916 eadem
921 2834 1154 2942 deprendere
1169 2841 1307 2916 furtum

312 2955 380 3028 Ars
402 2953 559 3046 docuit,
556 2981 674 3053 quam
692 2976 732 3026 tu
745 2981 889 3028 mecum
904 2957 1108 3057 experiare,
1122 2957 1258 3038 licebit.

160 3107 163 3115 ·
224 3067 289 3149 ι65
315 3072 371 3143 Ex
385 3097 474 3142 auro
491 3069 593 3168 fingis
608 3070 719 3142 librili
736 3066 904 3172 pondere
919 3073 1124 3144 formam
1079 3125 1092 3161 ,

316 3187 461 3286 Parque
481 3207 686 3284 exurgente
704 3186 819 3260 moles
838 3189 925 3278 siet,
947 3212 1032 3285 ergo
1053 3184 1198 3259 duobus

258 3303 449 3404 Dispar
467 3300 693 3402 eritpondus
702 3303 863 3404 paribus,
879 3329 964 3402 qma
974 3299 1123 3374 densior
1140 3327 1229 3375 auro
1242 3323 1306 3380 est

317 3417 408 3490 Post
415 3416 509 3490 haec
526 3415 573 3489 ad
588 3417 729 3491 lancem
738 3415 893 3515 rediges,
907 3415 1130 3519 pondusque
1140 3420 1306 3516 requires

316 3532 479 3630 Argenti,
489 3558 571 3604 nam
579 3533 651 3631 jam
667 3554 796 3608 notum
810 3552 884 3623 est,
899 3530 1002 3631 quod
1016 3529 1181 3627 diximus,
1205 3558 1305 3624 auro,

228 3675 294 3749 170
320 3649 393 3722 Fac
410 3668 448 3721 et
466 3646 506 3720 id
527 3669 676 3747 argento
698 3651 837 3746 gravius
856 3645 1231 3750 sextante'raperpum.
1301 3673 1305 3684 ·

322 3765 430 3837 Tunc
445 3791 554 3856 auro,
572 3764 674 3864 cujus
688 3767 816 3838 vitium
831 3767 1043 3864 furtumque
1062 3767 1241 3862 requiris,

321 3880 433 3977 Finge
449 3906 576 3979 parem
597 3884 737 3982 argenti
747 3879 1143 3986 lormampondusque
1161 3897 1307 3970 notato,
