2908 4814
747 294 815 364 128

306 463 412 533 Lyaei,
428 457 501 512 Edd.
517 489 552 501 —
564 462 619 531 lyei
629 497 640 518 ,
657 455 727 510 Cod.
745 456 812 511 Bnb.

306 548 384 603 Vers.
399 553 443 622 95.
461 549 577 600 labeum
591 549 672 607 olivi,
693 545 767 597 Edd.
791 545 830 617 pl.
854 543 945 598 Codd.
960 543 1085 619 plerique
1101 553 1172 598 teste
1186 545 1278 600 Burm.
1296 577 1340 590 --

234 637 349 688 labentis
364 638 463 698 olivae,
477 635 548 688 Ced.
562 631 632 688 Bob.
647 653 715 706 apr.
728 653 765 686 m.
784 633 836 690 sed
850 653 882 686 ex
896 633 1004 687 emend.
1012 651 1068 688 see.
1076 643 1179 706 recept.
1195 665 1229 676 —
1245 639 1339 688 livera-

234 729 285 786 tis,
299 722 372 777 Edd.
388 721 486 776 Colon.
501 722 596 776 Vinet.
611 719 683 774 Pith.
704 721 793 776 Rivin.
809 724 998 794 -flaventis,
1013 721 1127 793 conjicit
1137 722 1276 776 Heinsius.

305 813 413 865 tabens
427 812 534 872 oleum,
547 809 577 861 in
586 809 736 882 palaestrae
748 811 887 864 mentione
902 827 985 882 saepe
1004 811 1141 876 occurrit,
1159 810 1210 864 sed
1226 809 1274 864 lric
1288 810 1338 864 lu-

235 918 297 951 cum
312 900 357 954 rix
371 896 460 950 habet.
479 897 666 956 Rnanlrr.

304 1005 385 1059 Vers.
400 1007 444 1077 96.
462 1003 669 1078 Selibramque,
685 1003 756 1074 God.
771 1002 839 1058 Bob.
858 1003 931 1057 Edd.
947 1037 982 1046 -
999 1006 1055 1058 Sed
1072 1006 1240 1079 librumque,
1260 1005 1335 1058 cod.

234 1091 340 1147 Thnan.
1041 1153 1043 1156 ¹
1172 1127 1176 1132 -

307 1179 392 1234 Libet
412 1198 567 1252 comparare
593 1182 712 1234 rationes
736 1180 891 1252 ponderum
911 1179 956 1234 hie
971 1180 1084 1236 traditas
1099 1198 1171 1234 ‘cum
1193 1182 1246 1244 iis,
1266 1199 1336 1253 quas

238 1268 423 1322 recentiorum
433 1269 617 1339 experimenta
626 1269 814 1342 suppeditant.
833 1269 947 1323 Pondus
958 1270 1074 1324 Sextarii
1089 1288 1173 1342 aquae
1186 1287 1272 1341 purae
1287 1266 1336 1320 iric

235 1355 397 1430 perhibetur
418 1353 451 1430 r}
462 1355 558 1420 librae,
577 1365 605 1409 et
620 1356 674 1410 olei
692 1357 822 1411 olivarum
838 1365 871 1432 ¹i
883 1356 978 1410 librae.
999 1359 1078 1410 Retio
1093 1377 1156 1428 ergo
1173 1359 1337 1427 gravitatum

205 1467 207 1472 ·
236 1444 424 1517 speeifiearum
440 1463 524 1518 aquae
540 1452 568 1498 et
584 1442 637 1497 olei
654 1454 696 1498 est
714 1465 795 1519 rn:9.
816 1445 978 1512 Haeeksatis
1003 1456 1095 1498 exacte
1120 1447 1251 1498 convenit
1269 1463 1335 1497 cum

235 1553 282 1597 ee,
300 1553 381 1606 quam
395 1530 692 1585 Musschcnbroeelius
715 1533 842 1604 adsignat
866 1535 895 1586 in
918 1532 1078 1606 philosoph.
1092 1533 1188 1587 Natur.
1212 1543 1279 1586 tom.
1296 1534 1332 1584 Il.

234 1641 333 1694 nempe
349 1627 503 1695 roeo:913.
521 1618 635 1704 Pondus
648 1623 759 1676 sextarii
773 1620 863 1675 mellis
882 1620 928 1675 hic
941 1621 1043 1675 dicitnr
1058 1639 1119 1674 ease
1141 1629 1176 1694 a&
1189 1619 1330 1673 librarum.
1442 1681 1443 1706 Χ

234 1709 331 1782 Itaque
348 1711 417 1762 ratio
436 1709 595 1780 gravitatum
610 1709 800 1780 specificermn
815 1728 865 1763 eeu
882 1708 1026 1764 densitatis
1042 1729 1126 1784 aquae
1141 1718 1170 1761 et
1182 1707 1273 1761 mellis
1292 1717 1334 1761 est
1442 1721 1443 1738 ¹

235 1795 268 1870 1}
280 1818 286 1850 ι
298 1805 348 1870 ςῇ,
368 1798 425 1852 sive
438 1803 512 1862 223,
532 1797 588 1852 sive
606 1804 716 1863 10:15,
735 1795 1031 1852 Mussehenbroeckius
1046 1796 1114 1850 hanc
1130 1799 1263 1850 rationem
1278 1805 1333 1849 tra-

235 1886 278 1940 dit
295 1905 379 1944 10002
391 1892 468 1948 1500,
486 1882 626 1940 ueletiam
644 1892 824 1950 100021450,
843 1905 956 1959 quarum
967 1887 1044 1959 prior
1058 1895 1150 1940 exacte
1168 1885 1264 1942 eadem
1282 1894 1333 1948 est,

236 1993 303 2048 quae
319 1975 425 2026 auctori
438 1981 542 2026 nestro.
563 1973 638 2026 Knir
648 1992 688 2025 cr
697 1993 720 2025 n.

305 2080 385 2134 Vere.
402 2099 446 2152 99.
465 2081 576 2141 Paleis,
593 2078 664 2133 cod.
681 2077 750 2133 Bob.
767 2076 840 2132 Edd.
856 2111 893 2124 ·-
908 2081 998 2141 Putei,
1009 2078 1100 2134 Codd.
1118 2077 1224 2132 Tlruan.
1235 2078 1334 2149 Regin.

296 2172 401 2239 flente,
415 2164 488 2218 Edd.
498 2170 630 2237 -forte,
648 2165 717 2220 Cod.
727 2165 796 2220 Bob.
812 2187 877 2240 apr.
891 2186 927 2219 nr.
944 2165 994 2220 sed
1007 2187 1040 2220 ex
1048 2165 1155 2220 emend.
1164 2185 1221 2220 see.
1228 2176 1335 2238 recept.
1443 2156 1444 2196 l

304 2273 385 2327 Vere.
406 2291 465 2328 100·
483 2273 645 2336 Manantes,
658 2271 731 2329 Edd.
748 2304 786 2320 ·-
799 2252 948 2335 muneratori
961 2269 1031 2326 cod.
1050 2269 1118 2326 Boh.
1135 2290 1151 2325 a
1166 2291 1210 2345 pr.
1227 2291 1264 2326 nr.
1282 2271 1337 2325 sed

236 2382 268 2416 ex
278 2360 390 2415 emend.
406 2379 462 2413 sec.
477 2368 579 2434 recept.

307 2451 364 2504 cfr.
380 2446 457 2502 adh.
473 2447 493 2501 l.
503 2451 574 2503 Plin.
590 2452 626 2504 Η.
638 2449 677 2504 Ν.
695 2453 754 2504 libr.
763 2451 869 2504 XXXI.
881 2471 940 2524 eap.
958 2466 998 2506 12·
1016 2456 1044 2502 et
1060 2447 1124 2504 vide
1139 2450 1273 2503 Servatum
1289 2469 1337 2522 op.
1443 2427 1445 2466 ¹.

237 2546 281 2596 eit.
296 2545 324 2594 in
344 2541 455 2592 Graevii
469 2538 534 2590 thes.
553 2551 617 2590 tom.
634 2539 686 2591 XI.
703 2541 754 2591 eol.
773 2543 849 2612 1269.
864 2558 938 2612 seqq.

308 2628 386 2682 Vere.
408 2646 467 2683 101-
487 2644 605 2696 nuperve
622 2641 671 2679 aut
686 2641 750 2680 ante
764 2629 861 2688 tulere,
870 2625 941 2681 cod.
954 2624 1023 2679 But.
1039 2624 1112 2678 Edd.
1122 2645 1253 2698 -nupcr
1266 2625 1337 2678 dant
1442 2636 1445 2704 j

238 2730 316 2770 tanta
330 2717 433 2774 tulere,
450 2712 520 2766 God.
536 2713 632 2784 Regin.
650 2732 665 2764 a
682 2733 723 2785 pr.
739 2733 775 2768 m.
837 2767 841 2772 ,

307 2803 359 2854 His
373 2799 464 2857 rcrbis
479 2801 541 2855 vine
558 2800 693 2854 discernit
706 2801 782 2872 juxta
796 2809 928 2866 aetatem,
947 2801 1085 2869 recentia,
1102 2801 1211 2875 inquit,
1226 2809 1273 2855 aut
1287 2819 1335 2854 re·
1444 2803 1445 2864 j

237 2893 360 2947 tustiora.
377 2891 542 2946 Wrnnsn.
1109 2945 1112 2951 ¹

308 2980 398 3032 Etiam
413 2977 574 3048 campestria
585 2977 657 3041 vina,
675 2996 690 3029 a
707 2976 816 3031 collinis
831 2975 999 3049 distinguere
1012 2976 1137 3042 videtur,
1156 2976 1335 3051 quemadmo-

240 3068 305 3123 dum
321 3069 473 3122 Columella
497 3068 556 3118 libr.
570 3067 637 3119 XII.
656 3087 715 3136 cap.
733 3084 777 3122 21.
801 3071 870 3120 inter
886 3067 985 3138 Script.
1001 3069 1052 3120 liei
1067 3068 1145 3120 Rure.
1162 3067 1226 3120 edit.
1246 3069 1334 3122 Basil.

241 3163 318 3215 1535.
327 3176 392 3228 pag.
403 3172 463 3210 210.
478 3163 644 3225 campestres
659 3155 752 3209 vineas
768 3173 782 3205 a
797 3151 906 3207 collinis
922 3153 1082 3226 distinguit,
1098 3155 1243 3228 inquiens:
1260 3151 1335 3223 “ejus

241 3245 360 3306 «defruti
373 3243 505 3296 sextarius
522 3243 552 3294 in
570 3240 636 3294 deas
654 3259 736 3294 urnas
750 3243 834 3294 musti
847 3241 992 3313 adjicitur,
1009 3243 1034 3295 si
1055 3252 1176 3296 mustum
1197 3261 1230 3296 ex
1245 3243 1334 3296 vineis

242 3332 367 3395 “collinis
385 3339 442 3396 est,
461 3328 511 3384 sed
526 3331 551 3384 si
566 3349 598 3382 ex
614 3329 830 3402 campestribus,
846 3348 893 3384 aex
911 3330 1034 3384 heminae
1051 3329 1243 3402 adjiciuntur.”

310 3438 387 3493 Vere.
405 3455 464 3495 102.
483 3434 656 3499 mechanica,
673 3434 746 3488 Edd.
762 3467 798 3478 -
814 3441 964 3499 mecanica,
976 3433 1046 3490 Cod.
1061 3435 1130 3492 Bob.
1146 3457 1218 3510 apr.
1229 3456 1264 3490 m.
1282 3435 1336 3490 sed

241 3546 274 3581 ex
288 3525 395 3581 emend.
411 3544 466 3579 eec.
480 3533 582 3597 recept.

310 3628 465 3687 promptum·
479 3626 528 3677 est,
545 3611 615 3665 cod.
633 3610 701 3666 Bab.
718 3611 791 3666 Edd.
807 3628 899 3667 -ert
913 3627 1087 3686 promptum,
1103 3611 1173 3666 cod.
1191 3610 1297 3667 Tlruen.

313 3704 494 3775 deprendere,
512 3699 602 3755 Codd.
619 3699 687 3753 Bob.
704 3701 800 3771 Regin.
821 3702 849 3756 S.
861 3701 953 3756 Germ.
970 3701 1022 3756 Ed.
1039 3702 1174 3756 Wernsd.
1188 3733 1225 3746 ·-·
1241 3704 1337 3770 depre-

243 3795 369 3856 hendere,
380 3789 658 3846 Ced.vet.aPithoeo
674 3791 784 3852 citatus,
792 3789 845 3844 Ed.
863 3789 960 3844 Gelon.
974 3823 1009 3834 -
1026 3791 1197 3863 depromere,
1211 3788 1283 3844 Edd.
1294 3788 1336 3862 pl.

314 3879 377 3935 Etsi
389 3877 559 3934 Bnrmannus
574 3899 636 3934 eum
648 3876 789 3952 plerisque
803 3878 886 3932 editis
901 3876 1060 3951 depromere
1070 3876 1182 3942 hahent,
1198 3897 1335 3950 egeprae·

245 3970 337 4043 optari
352 3951 535 4042 deprendere,
554 3969 617 4042 quia
631 3975 789 4040 promptum
805 3976 889 4022 estet
903 3966 1063 4040 depromere
1082 3965 1152 4022 mele
1170 3965 1336 4040 junguntur,
