2950 4810
678 389 862 404 -ι-ι-ι-

215 487 346 530 ,aureum
361 487 413 542 pro
427 465 543 539 singulis
558 468 630 539 jugis
643 485 694 539 per
706 465 852 537 imperium
865 463 1043 537 pendendum
1058 467 1193 520 institnit:
1208 483 1244 518 nc
1260 467 1327 518 sci-

220 556 348 630 «licetpb
367 555 540 610 exactoribus
559 557 589 607 iu
607 557 719 626 specie,
736 552 873 608 militibus
888 556 918 606 in
935 555 1039 608 victum
1056 553 1240 626 erogandum,
1257 552 1325 606 col-

220 645 373 716 „ligerctnn
394 643 451 699 cfr.
468 645 611 700 Valesiani
630 646 667 697 ud
685 647 799 716 Evagrii
812 645 863 696 loc.
886 663 972 714 snpra
988 648 1118 708 citatum,
1132 656 1159 697 et
1175 643 1228 696 vtd.
1249 645 1323 708 insi.

218 736 255 786 ad
276 753 342 788 vers.
367 736 427 806 198.

289 839 368 891 Vers.
388 831 553 895 150'-151.
573 836 645 891 Vide
660 839 799 890 Zosimum
816 840 834 889 l.
852 857 874 888 c.

288 935 367 986 Vers.
389 939 448 990 152.
469 929 698 1004 Chrysargyrum,
713 933 790 1006 quasi
805 940 993 1004 eurargeutum
1008 932 1098 985 dicas:
1121 925 1235 1005 «ὄνομα
1250 933 1324 986 δυσ-

224 1035 332 1107 «rupis
347 1039 411 1090 sois
426 1023 708 1117 tepescisffpoct's
724 1035 777 1094 noi
788 1030 919 1114 ἄργυρος
934 1025 977 1091 eis
989 1035 1063 1111 puis
1077 1032 1222 1092 ἐλθόντες
1232 1052 1325 1107 προς-

223 1137 387 1218 «ηγορίαν»
408 1140 559 1210 Procopius
575 1141 703 1193 Gazaeus
723 1142 743 1192 t.
758 1160 781 1192 o.
803 1131 947 1216 «λέγεται
956 1138 1171 1216 ppusdpyupov
1192 1133 1323 1210 ἀνδράσι

223 1239 453 1320 «φιλολόγοις.η
482 1241 677 1296 Constantinus
690 1243 835 1295 Manasscs
854 1244 873 1294 l.
890 1261 913 1294 c.
933 1261 1015 1314 quem
1027 1239 1121 1295 locum
1135 1241 1325 1294 Leuncluvius

171 1360 181 1386 a
219 1355 317 1408 parum
330 1346 456 1390 accurate
465 1336 572 1390 reddit:
594 1336 825 1410 ,chrysergymm
843 1337 933 1410 (quusi
949 1345 1139 1408 aurargcntum
1153 1335 1250 1408 dicae)
1267 1355 1322 1406 pu·

222 1424 342 1486 «blicani
356 1424 579 1499 nuncupabant.»

290 1533 370 1586 Vers.
391 1535 552 1590 156-158.
573 1531 732 1603 Opcrcriis‚
751 1548 832 1582 manu
844 1529 1035 1604 quotidianum
1051 1531 1155 1582 rictum
1168 1547 1320 1601 procuran-

220 1619 296 1673 tibus
311 1619 525 1692 Chrysargyrum
539 1621 700 1692 impositum
715 1621 810 1683 firissc,
828 1620 963 1692 imprimis
979 1619 1228 1688 nrgctPnocianus.
1246 1617 1320 1670 Vide

221 1711 367 1763 Liburnium
382 1713 433 1762 loc.
447 1713 491 1760 cit.
510 1716 538 1758 ct
553 1709 717 1780 Procopium
735 1711 877 1760 Gesacum
889 1710 907 1759 l.
922 1727 944 1759 c.
965 1707 1121 1778 Scriptores
1136 1706 1236 1776 syriaci
1247 1723 1318 1758 non-

220 1799 276 1849 nisi
295 1797 329 1850 dc
346 1795 534 1868 Chrysargyro'
549 1795 695 1868 opificibus
721 1804 748 1846 et
764 1794 915 1848 artificibus
937 1797 1068 1866 imposito
1085 1793 1260 1863 ¹mentionem
1279 1795 1320 1846 fa-

223 1887 308 1938 ciunt.
328 1886 375 1939 Sic
388 1893 483 1936 auctor
500 1885 628 1936 Chronici
639 1884 770 1935 Edesseni
786 1884 863 1955 apud
881 1889 1062 1937 Assemannm
1078 1883 1206 1937 Biblioth.
1223 1886 1319 1952 orient.

222 1987 286 2027 tom.
303 1976 327 2025 I.
343 1993 409 2044 pag.
425 1975 478 2029 268
493 1985 550 2024 not.
570 1990 593 2025 1.
615 1973 710 2030 ,Anno
725 1970 892 2024 Graecorum
905 1976 957 2046 809
975 1969 1051 2043 (Chr.
1062 1971 1124 2044 498)
1139 1987 1233 2022 mense
1246 1969 1320 2040 Majo

225 2063 386 2121 «remissum
406 2061 459 2111 fuit
484 2078 579 2111 aurum
604 2057 755 2112 artificibus
777 2060 919 2112 universae
934 2068 1037 2112 terrae»
1063 2067 1090 2112 ct
1104 2060 1193 2112 Josua
1207 2059 1321 2130 Stylites

222 2150 286 2202 ibid.
303 2156 401 2212 namet,
416 2149 589 2200 Anastasium
606 2145 757 2200 condonari
770 2147 885 2218 jussisse
895 2166 998 2212 aurum,
1016 2145 1090 2220 qnod
1107 2145 1224 2200 artifices
1241 2166 1322 2220 qnar-

222 2246 252 2292 to
269 2252 462 2308 quoqueanno
481 2233 689 2306 persolvebant,
712 2253 814 2309 eosque
837 2255 852 2288 a
876 2235 981 2288 tributo
1005 2233 1108 2287 liberos
1130 2235 1246 2298 fecisse,
1269 2253 1322 2286 uec

222 2342 286 2376 vero
296 2321 417 2374 Edessae
431 2321 521 2376 solum
536 2321 831 2395 edictnm'bujusmodi
846 2322 1047 2398 promulgatum
1062 2324 1157 2387 fnisse,
1172 2321 1223 2376 sed
1240 2324 1322 2375 etiam

154 2399 158 2409 .
223 2413 252 2464 iu
268 2411 376 2463 cunctis
393 2412 528 2464 Romanae
544 2411 659 2466 ditionis
672 2411 797 2465 urbibus.
815 2411 917 2479 Addit3
936 2409 989 2465 hoc
1008 2411 1212 2464 Edesseuorum
1234 2413 1323 2464 vecti-

225 2498 281 2569 gal,
300 2489 416 2570 siugulis
436 2509 553 2572 quatuor
577 2501 657 2558 anuis
674 2499 758 2552 libras
781 2501 838 2552 euri
856 2507 967 2551 centum
984 2506 1013 2550 et
1027 2497 1205 2570 quadraginta
1227 2501 1324 2552 couse-

225 2589 312 2650 cisse‚
331 2586 443 2659 ejusque
461 2585 612 2641 abolitione
626 2589 656 2640 in
671 2587 803 2640 laetitiam
820 2583 921 2639 effusos
939 2586 1011 2638 cives
1020 2585 1188 2650 Edessenos,
1202 2586 1238 2640 ed
1252 2595 1324 2640 tcm-

224 2673 302 2747 plum
319 2674 361 2728 St.
375 2674 465 2746 Sergii
481 2684 508 2728 et
525 2674 566 2728 St.
583 2675 721 2729 Simeonis
737 2694 800 2728 cum
817 2679 904 2728 cereis
925 2683 953 2726 et
967 2672 1114 2727 thuribulis
1135 2675 1325 2740 concessisse,

224 2760 346 2834 psalmos
362 2771 509 2827 canentes,
529 2770 558 2814 et
572 2765 670 2834 gratias
688 2743 901 2834 Deo⁶agentes‚
920 2759 1055 2835 simulque
1075 2760 1219 2816 laudantes
1234 2765 1325 2836 impe-

226 2859 358 2914 ratorem,
378 2848 532 2904 decrevisse
557 2859 648 2904 eutem
669 2848 860 2903 solennitatem
877 2849 1028 2922 ejusmodi,
1054 2860 1210 2904 recurrente
1229 2851 1325 2904 eadem

227 2937 273 2991 die
291 2939 436 3011 quotannis
451 2957 511 2991 esse
530 2937 730 2991 celebrandum.
759 2938 801 2990 Ex
821 2936 865 2992 bis
888 2941 1054 2992 Assenronns
1071 2935 1276 3010 chrysargyrnm
1294 2941 1324 2992 in

228 3026 343 3081 diversis
359 3022 476 3078 urbibus
491 3025 629 3079 diversum
647 3027 732 3079 fuisse
746 3025 920 3098 praetendit,
939 3035 967 3078 et
981 3026 1101 3080 Edessae
1124 3039 1180 3079 non
1204 3043 1237 3078 ex
1248 3027 1324 3098 turpi

185 3099 190 3108 ⁸
228 3116 351 3186 corporis
376 3121 506 3187 quaestu,
526 3121 557 3166 ut
577 3113 708 3186 Evagrius
729 3122 756 3167 et
781 3113 923 3167 Cedreuns
940 3123 1065 3179 narrant,
1084 3115 1134 3169 sed
1156 3134 1189 3167 ex
1206 3113 1323 3169 officinis

227 3201 360 3255 artificum
376 3199 514 3254 dumtaxat
530 3199 624 3272 colligi
637 3202 819 3256 consuevisse.
842 3197 843 3200 ¹

298 3291 376 3343 Vers.
398 3292 560 3347 rso-161.
581 3287 756 3343 Timotheum
776 3288 928 3355 Gesacum,
946 3293 981 3344 de
1004 3311 1058 3364 quo
1073 3293 1186 3347 Tzetzes
1207 3293 1322 3348 custod.

227 3377 281 3431 IV.
295 3398 354 3449 cap.
377 3382 436 3436 128.

330 3504 391 3532 o-
405 3501 449 3515 —
463 3499 507 3514 ·-
520 3503 564 3517 -
587 3469 732 3547 Τιμόθεος
749 3471 955 3551 γραμματικὸς
971 3475 1121 3566 Maius,

332 3573 538 3650 o’Avucraoiop
556 3571 681 3647 βασιλεῖ
699 3573 863 3652 edvopopos
881 3570 927 3635 ὧν
942 3567 974 3633 ἓν
992 3576 1112 3650 pptisors
1123 3592 1151 3647 ,»

231 3670 367 3742 imprimis
384 3671 521 3742 respicere
544 3669 654 3724 videtur
678 3667 706 3722 h.
722 3669 741 3724 l.
756 3659 913 3724 Piiscianus
936 3681 1046 3738 noster,
1065 3683 1155 3726 narrat
1172 3675 1245 3729 enim
1259 3679 1326 3731 Sui·

125 3821 136 3851 ‚¹
233 3767 360 3820 dasvoce
381 3764 526 3842 Τιμόθεος
541 3765 568 3820 Γ
566 3767 672 3822 udaius
691 3769 770 3834 (edit.
785 3741 967 3821 [turnonii.
982 3769 1037 3821 III.
1052 3788 1116 3841 pag.
1132 3771 1194 3844 475)
1217 3793 1325 3850 «γραμ-

236 3866 398 3944 «ματινιός,
417 3866 552 3946 γεγονὼς
571 3859 621 3924 ixi
643 3866 842 3925 'Anastasiou
865 3873 920 3926 τοῢ
946 3867 1119 3944 βασιλέως,
1143 3869 1187 3930 sis
1206 3869 1242 3930 ὃν
1270 3877 1325 3932 nui

239 3969 427 4049 «τραγῳδίαν
440 3946 565 4047 lxeiipes
585 3969 655 4044 περὶ
671 3974 726 4028 τοῦ
741 3971 884 4047 δημοσίου
900 3951 955 4031 rou
979 3971 1174 4051 καλουμένου
1193 3993 1326 4051 ppvsup-
