2908 4814
693 292 872 393 *Q-
924 267 927 276 .

227 459 317 511 Vinet.
340 455 436 524 const.
449 456 478 506 in
495 471 578 524 marg.
587 451 658 506 Pith.
666 454 755 507 Riviu.
766 453 899 508 Wernsd.
908 448 1010 508 -‘Pes
1025 460 1108 530 longo
1118 463 1206 529 spatio
1216 496 1222 509 .
1231 497 1253 509 ..
1266 498 1272 509 .
1283 498 1307 510 ..
1320 493 1327 510 .

226 550 337 618 latoque
355 555 480 604 notetur,
499 540 590 596 codd.
608 539 726 614 Guelpb.
745 563 768 597 1.
788 551 816 594 et
829 559 855 598 2.
873 541 945 594 Edd.
960 543 1058 598 Venet.
1076 553 1104 597 et
1121 544 1198 616 Lips.

296 647 423 694 notetur,
435 630 505 685 Cod.
523 628 591 683 Βοὴ.
607 621 622 681 e
638 649 680 701 pr.
698 649 734 683 m.
751 629 801 683 sed
817 647 851 682 ex
866 629 972 683 emend.
987 649 1059 684 man.
1076 639 1139 686 tert
1159 647 1281 688 nentur.

296 721 412 794 Ineptus
423 720 493 783 fnit,
512 719 560 791 qui
582 715 635 772 hoc
650 722 679 770 in
695 721 779 791 anglo
801 716 921 790 subjecit
937 719 973 772 ad
990 719 1187 806 copnplendum
1201 741 1329 784 versum,

230 827 310 882 quem
325 811 366 862 sic
383 823 509 860 mancum
525 807 678 860 invenerat:
698 808 846 879 Perlonge
861 811 951 878 spatio
968 809 1081 881 latoque
1093 823 1211 864 notetur.
1228 810 1328 864 Petrus

226 897 327 951 Daniel
339 895 542 950 Aurelianensis
559 891 684 946 codicem
700 897 843 968 antiquum
861 895 988 958 miserat,
1012 896 1043 947 in
1067 915 1123 970 quo
1141 899 1225 950 etiam
1240 900 1326 952 muti.

225 985 269 1038 lus
283 994 340 1038 erat
352 982 398 1037 bic
412 999 523 1045 versus,
541 983 614 1036 sicat
628 982 659 1034 in
677 981 805 1036 omnibus
820 981 881 1036 aliis
898 989 1011 1040 nostris.
1036 983 1082 1037 De
1106 982 1160 1039 boc
1182 1005 1246 1056 ergo
1264 1005 1327 1040 euru

225 1091 387 1144 rogaveram,
406 1071 631 1142 scripseramqne,
650 1071 691 1124 sic
706 1070 802 1143 potius
816 1068 873 1142 legi
888 1087 988 1143 posse:
1007 1073 1059 1125 Pes
1077 1076 1160 1147 longo
1173 1079 1265 1145 spatio
1282 1077 1328 1128 to-

225 1175 308 1234 toque
323 1172 433 1213 notetur
446 1172 473 1212 et
489 1160 565 1228 alto:
584 1177 668 1232 quum
683 1157 732 1211 ille
747 1159 901 1231 rescripsit,
919 1177 950 1212 ss
966 1159 1093 1215 codicem
1109 1159 1210 1214 babere
1229 1180 1261 1214 ex
1273 1163 1328 1215 im·
1385 1232 1392 1242 .
1436 1147 1437 1174 ³

225 1265 384 1321 pressorum
411 1245 444 1320 (l)
464 1247 678 1319 antiquissimis,
696 1249 726 1299 in
742 1267 798 1321 quo
813 1247 855 1300 sic
874 1244 1027 1318 legeretur:
1045 1249 1098 1302 Pes
1111 1249 1196 1324 longo
1212 1255 1326 1322 spatio,

226 1350 309 1411 atque
325 1339 383 1390 alto
399 1339 512 1407 latoque
525 1347 643 1388 notetur.
663 1334 785 1388 Vrrru.

295 1423 355 1500 Ego
375 1421 582 1496 praeferendam
605 1421 672 1476 duxi
688 1423 784 1477 Vineti
805 1421 969 1488 lectionem,
995 1425 1060 1497 qnia
1084 1423 1181 1478 lacnns
1200 1434 1324 1479 veterum

226 1511 379 1564 editionum
402 1509 540 1574 ostendit,
557 1511 588 1562 in
610 1509 703 1563 medio
726 1509 823 1564 deesse
847 1528 958 1575 vocem,
976 1529 1032 1564 nou
1054 1514 1084 1565 in
1105 1512 1176 1578 fine,
1195 1523 1224 1566 et
1241 1515 1323 1586 quia,

225 1617 293 1672 quae
306 1617 388 1652 versu
403 1599 531 1672 sequenti
544 1597 645 1651 dicitur
663 1601 737 1652 linea
760 1601 874 1671 triplex,
895 1606 952 1652 tres
977 1599 1164 1655 dimensiones
1179 1603 1325 1658 nominu-
1350 1634 1355 1640 ·

227 1686 275 1740 das
288 1683 379 1740 dccet.
397 1687 560 1741 Wrnrsn.

293 1777 352 1828 Pes.
367 1774 421 1828 Hic
435 1784 463 1828 te
474 1792 531 1828 non
547 1775 641 1847 pigeat
652 1789 800 1840 recurrere,
815 1755 904 1828 lector
919 1774 1047 1840 candide,
1062 1774 1098 1829 ad
1113 1777 1239 1850 quintum
1253 1777 1323 1830 doo-

224 1864 326 1916 tissimi
341 1863 445 1916 Budaei
459 1861 563 1916 librum
578 1863 613 1916 de
629 1880 689 1916 asse
707 1872 735 1914 et
749 1861 876 1935 partibus
893 1862 965 1934 ejus,
984 1871 1016 1916 ut
1030 1865 1061 1916 in
1077 1883 1132 1938 qno
1149 1863 1246 1919 borum
1259 1883 1322 1920 ver·
1436 1835 1437 1862 r

223 1970 313 2017 snum,
328 1950 376 2004 ille
398 1949 565 2005 luculentam
589 1949 809 2023 explanationem
828 1950 914 2005 tradit
939 1961 969 2005 et
990 1951 1111 2008 breviter
1132 1964 1161 2006 et
1175 1952 1319 2026 eleganter.

329 2057 346 2092 g
373 2078 380 2092 .
1113 2057 1116 2070 .

224 2041 385 2188 cuallido
401 2125 446 2179 bis
458 2125 583 2180 versibus
602 2124 750 2196 significari
757 2141 781 2190 ,¹²
800 2128 891 2201 inquit
905 2129 1035 2182 Budaeus
1051 2149 1096 2201 op.
1112 2149 1134 2181 c.
1152 2131 1216 2182 edit.
1231 2132 1319 2183 Puris.

226 2220 303 2274 1516-
309 2220 368 2286 sol·
386 2217 523 2271 CXVIII.
533 2211 712 2286 «Amphoram
726 2234 759 2267 ex
774 2235 834 2268 aree
847 2217 958 2268 excitari
971 2235 1082 2290 quoquo
1097 2235 1192 2272 versus
1209 2217 1318 2290 pedali:

226 2305 380 2377 ,quaternis
397 2301 507 2377 quadris
525 2301 671 2375 pedalibus
687 2305 848 2356 inanitatem
866 2301 1010 2374 amphorae
1031 2304 1215 2375 cingentibus.
1233 2306 1274 2359 Ita
1286 2315 1320 2359 nt

225 2393 367 2466 ,quaterni
383 2389 475 2464 anguli
488 2389 631 2445 tesserales
647 2391 737 2445 tribus
755 2390 837 2444 lineis
859 2389 1059 2445 concludantur
1082 2391 1199 2464 singuli:
1219 2393 1319 2467 quibus
1435 2381 1436 2386 ¹

226 2483 311 2554 ,ipsis
327 2489 383 2534 tres
401 2481 586 2534 dimensiones
607 2488 728 2533 tesserae
742 2478 945 2550 significentur,
967 2478 1120 2554 quietibus
1138 2499 1233 2551 graece
1249 2481 1318 2535 dici-

226 2580 303 2630 «tur:
321 2570 340 2621 i.
356 2587 378 2621 e.
390 2565 499 2622 scheme
514 2570 601 2621 sexin
617 2569 688 2620 situs
702 2566 807 2620 sessile.
826 2567 887 2621 Hoc
904 2569 977 2620 enim
992 2566 1075 2622 verba
1086 2566 1134 2620 illa
1146 2569 1316 2640 significant:

226 2653 368 2728 ,Angnlue
381 2665 413 2708 nt
428 2675 478 2727 par
494 2657 532 2710 sit
549 2647 629 2730 quem
647 2653 751 2708 clandit
762 2655 836 2708 linea
853 2653 960 2728 triplex.
980 2655 1050 2711 'I'res
1075 2658 1148 2710 enim
1169 2656 1315 2712 dimensio·

226 2763 291 2806 „nes
302 2753 444 2798 notantur:
464 2742 627 2816 longitudo,
645 2742 781 2808 latitudo,
799 2741 926 2796 altitudo.
944 2741 1033 2814 Hujus
1048 2740 1118 2797 dicti
1137 2752 1237 2796 testem
1248 2747 1317 2798 inte·

161 2827 167 2838 '
226 2835 295 2894 «rim
312 2831 456 2886 citabimus
475 2831 615 2886 Isidorum
632 2830 840 2903 Hispalensem,
858 2835 889 2886 in
900 2829 951 2884 bec
970 2849 999 2883 re
1014 2831 1155 2884 interdum
1169 2851 1226 2886 nou
1240 2833 1317 2887 telel-

226 2922 370 2988 ,lendum
388 2919 455 2974 licet
468 2922 498 2974 iu
512 2919 606 2974 multis
620 2919 714 2992 lapsus
729 2921 774 2973 sit.
792 2917 942 2991 Mpboru,
960 2921 1052 2994 inquit
1064 2919 1128 2984 ille,
1147 2922 1248 2994 recipit
1262 2925 1316 2978 viui

227 3011 285 3073 «vel
305 3029 389 3084 aquae
414 3007 515 3082 pedem
540 3007 709 3082 quadratum.
736 3004 822 3081 Quod
838 3010 863 3062 si
876 3005 950 3063 hunc
967 3015 1066 3062 testem
1082 3009 1200 3061 refutare
1210 3009 1316 3082 placet3

227 3098 465 3174 «prodeatFestus
475 3098 554 3150 testis
570 3095 749 3168 locupletior:
769 3098 817 3170 qui
830 3094 873 3150 bis
882 3095 973 3152 verbis
990 3097 1153 3150 testabitur:
1174 3097 1317 3170 Quadran-

227 3188 280 3248 ,sal
295 3186 401 3260 antiqui
415 3184 550 3239 vocabant
563 3183 734 3256 amphoram:
753 3183 830 3257 quod
844 3203 890 3240 vas
905 3185 987 3258 pedis
1003 3184 1128 3259 quadrati
1142 3195 1206 3240 octo
1223 3197 1251 3240 et
1273 3207 1315 3240 se-

208 3262 350 3348 ,xaginta
372 3274 502 3328 sextarios
521 3273 620 3346 capit.»
1191 3325 1195 3332 ,

296 3366 373 3419 Vers.
390 3367 433 3422 60.
452 3364 601 3434 Angelos,
615 3359 688 3414 Edd.
706 3391 738 3403 -
750 3365 897 3434 ‘Angelus‚
915 3359 985 3415 Cod.
1001 3361 1101 3415 liobe
1122 3381 1164 3434 pr.
1182 3382 1217 3416 m.
1236 3363 1316 3416 sede

225 3471 323 3505 eman.
342 3459 444 3504 recent.
462 3448 542 3503 obelo
560 3448 728 3502 transfixum.

297 3553 327 3594 nt
340 3560 393 3612 por
406 3545 458 3605 sit,
476 3537 546 3591 cod.
560 3536 628 3590 Bob.
643 3536 716 3590 Edd.
735 3569 771 3578 -
790 3553 816 3591 et
831 3543 951 3609 parsit,
972 3534 1062 3590 codd.
1080 3535 1186 3592 Tbuan.
1196 3537 1314 3611 Guelpb.

226 3649 250 3690 2.
267 3643 369 3702 etpars
383 3633 433 3692 sit,
450 3626 521 3681 Cod.
539 3624 657 3699 Guelpb.
675 3647 698 3682 1.
717 3657 753 3668 -—
771 3639 801 3678 ut
814 3646 879 3697 pars
894 3631 945 3690 sit,
965 3624 1035 3678 cod.
1053 3626 1082 3680 S.
1099 3625 1192 3681 Germ.

295 3737 385 3791 quem,
393 3714 538 3770 Cod.Bob.
547 3713 620 3768 Edd.
634 3713 673 3786 pl.
682 3734 818 3786 —quam,
827 3713 896 3768 cod.
904 3714 933 3768 S:
943 3711 1034 3767 Germ.
1044 3713 1221 3771 Eddvenet.
1239 3715 1315 3788 Lips.

296 3806 417 3868 claudit,
436 3803 507 3858 cod.
521 3803 589 3858 Bob.
604 3801 677 3856 Edd.
696 3834 732 3846 -
750 3805 880 3867 claudat,
900 3802 969 3856 Cod.
984 3801 1089 3856 Thoan.

296 3896 426 3968 Angelos
442 3907 473 3948 st
494 3913 547 3966 par
568 3898 610 3946 sit.
633 3891 675 3947 Ut
692 3890 805 3962 angulus
824 3894 861 3945 sit
878 3890 1045 3965 aequabilis,
1064 3901 1092 3945 et
1108 3899 1216 3946 rectus:
1237 3910 1317 3965 quem

227 3981 345 4054 jungunt
364 3989 420 4036 tres
438 3979 525 4034 lineae
546 3983 630 4034 trium
655 3979 872 4044 dimensionum,
894 3979 1092 4053 longitudinis,
1110 3978 1265 4034 altitudinis
1289 3989 1318 4032 et
