2936 4816
698 289 763 362 las

636 391 823 408 *w

179 451 322 524 utriusque
338 454 475 526 portionis
487 455 518 508 iu
534 453 640 510 calculo
655 454 838 512 subducendo
854 466 1022 516 momentum
1033 457 1138 512 nullum
1145 468 1196 514 eat.
1211 461 1280 516 Dif-

176 541 292 593 ferentia
306 539 460 612 ponderum
476 544 637 598 amissorum
654 546 743 598 oritur
757 543 930 602 solummodo
945 546 1077 621 areliqua
1088 548 1217 622 portione
1231 569 1281 604 ιτ·

177 629 253 699 genti
267 630 297 682 iu
309 647 397 684 mussa
409 649 496 702 pura,
515 650 584 706 quae
598 630 663 704 plus
677 633 793 698 amittit,
808 653 890 709 quam
901 635 977 690 idem
991 635 1102 710 pondus
1122 637 1181 692 auri
1200 625 1297 692 mas-s

104 781 107 786 .
177 719 376 775 incommixta.
395 719 553 775 Kaioaa.

190 809 194 818 ¹
247 825 327 880 Vera.
348 831 406 886 aas.
426 825 487 880 lloe
498 819 579 882 versu
597 827 710 902 explicit
727 830 816 903 prima
836 830 971 904 scriptura
985 831 1016 884 iu
1031 829 1102 885 Cod.
1118 829 1185 886 Boh.
1201 851 1276 905 quae

175 923 328 988 aeqrruntur
344 912 452 986 alonge
468 914 520 969 alie
535 933 632 981 maun,
649 905 746 971 eadem
767 919 896 984 omnino,
913 928 945 972 ut
960 918 1086 986 videtur,
1105 938 1185 994 qnam
1202 918 1275 974 hne-

110 1015 113 1026 ·
177 1001 243 1056 dum
264 1019 316 1056 eeu
332 1004 443 1057 tertiam
467 1002 683 1075 designavimus,
702 1015 731 1060 et
751 1007 796 1061 eui
817 1005 950 1080 plurimae
966 1005 1139 1074 diorthosas,
1158 1027 1239 1082 supra
1255 1029 1274 1062 a

175 1089 257 1144 uobis
275 1099 388 1146 notam.
400 1090 550 1158 debentur,
569 1095 672 1167 scriptu
687 1102 761 1148 suut.

147 1239 152 1250 Ι
244 1177 317 1232 Date
330 1178 384 1250 inm
399 1197 505 1247 massa,
524 1202 592 1256 quae
612 1201 707 1238 aurum
728 1191 841 1255 argento
861 1185 976 1238 mixtum
994 1185 1133 1252 eontinet,
1149 1193 1274 1239 sumatur

83 1283 84 1286 ¹
159 1284 262 1348 ¹ranassn
274 1270 378 1339 urgenti
390 1271 454 1343 puri
469 1271 593 1344 pondere
608 1273 658 1327 isti
671 1272 808 1346 aequalis,
827 1280 855 1326 et
878 1281 993 1347 utraque
1010 1271 1136 1328 lancibus
1154 1271 1275 1327 bilancis

173 1356 303 1427 impositu
318 1375 402 1430 aquae
416 1359 606 1432 immergatur,
625 1381 680 1436 quo
693 1361 767 1416 facto
781 1361 859 1434 prior
869 1379 957 1414 massa
972 1360 1218 1434 praeponderabit,
1234 1359 1274 1414 ob

174 1461 269 1496 aurum
290 1453 402 1516 argento
421 1448 552 1514 mixtum,
576 1450 668 1504 minus
685 1456 792 1515 tamen,
812 1469 892 1524 qnam
911 1448 986 1503 idem
1002 1449 1114 1523 pondus
1134 1451 1193 1504 auri
1207 1451 1274 1522 puri

173 1540 315 1602 argentum
331 1532 382 1586 aab
398 1553 467 1609 aqua
480 1545 629 1609 superaret.
646 1537 782 1603 Notatur,
800 1546 932 1612 quantum
952 1536 1064 1612 pondus
1086 1538 1122 1591 ad
1137 1536 1275 1591 redueen-

174 1619 240 1674 dum
254 1617 447 1694 aequilibrium
459 1624 490 1678 iu
503 1622 626 1690 brechio,
644 1644 660 1679 a
676 1645 730 1700 quo
743 1633 885 1698 argentum
901 1643 1066 1708 susppnsum
1081 1632 1133 1690 est,
1150 1624 1275 1700 requira-

172 1717 233 1774 tur,
252 1710 328 1784 quod
350 1707 533 1766 &arentiam
551 1710 707 1787 ponderum
722 1715 852 1788 utrinque
874 1715 1036 1769 amissorum
1057 1711 1170 1768 iudicat.
1195 1711 1273 1766 lluee

174 1796 262 1852 divisa
275 1817 327 1870 per
341 1797 525 1854 differentiam
538 1801 694 1874 ponderum
708 1800 796 1858 librae
808 1803 868 1858 anri
881 1812 909 1857 et
918 1801 1006 1857 librae
1022 1803 1129 1874 argenti
1141 1799 1193 1854 sub
1201 1819 1273 1875 aqua

173 1888 402 1952 constitutorum,
420 1889 550 1943 ostendet
563 1887 652 1952 libras¹
665 1889 724 1944 auri
739 1891 769 1944 iu
789 1909 878 1946 massa
897 1893 1043 1946 commixta
1062 1889 1194 1944 conteuti.
1211 1889 1272 1952 Ita,
1299 1927 1305 1930 -

173 1976 199 2028 si
214 1976 352 2047 posterior
361 1974 515 2030 differentia
525 1978 825 2034 secundumauotorem
836 1981 1036 2053 ponatnr3Dr.
1055 1987 1084 2033 et
1095 1979 1172 2051 prior
1189 1975 1270 2030 diffe-

174 2064 261 2116 rentia
276 2064 314 2116 sit
332 2067 366 2120 18
374 2063 424 2118 Dr.
434 2063 659 2120 concludendum
674 2074 726 2131 est,
744 2083 792 2120 sex
802 2065 887 2122 libras
904 2068 964 2120 auri
978 2067 1042 2139 puri
1050 2083 1155 2121 massua
1168 2067 1272 2129 inesse,
1309 2119 1313 2125 ,

173 2168 360 2224 quaecumque
373 2153 411 2206 sit
431 2156 524 2225 portio
542 2156 655 2225 argenti.
675 2153 835 2210 Secundum
859 2154 1042 2210 differentiam
1057 2153 1213 2228 ponderum
1235 2153 1272 2207 li-

171 2237 238 2292 brae
252 2240 311 2291 auri
325 2247 353 2292 et
364 2235 451 2295 librae
464 2245 569 2314 argenti
582 2242 635 2296 snb
650 2261 729 2318 equa,
747 2261 829 2317 supra
843 2263 859 2298 a
872 2261 916 2297 me
930 2242 1069 2308 traditam,
1086 2249 1209 2314 nempe3
1219 2240 1271 2294 Dr.

173 2331 208 2398 a}
223 2325 282 2380 scr.
308 2327 365 2383 sive
385 2314 423 2403 δὲ
439 2329 490 2384 Dr.
509 2349 598 2385 masan
615 2333 761 2387 commixta
782 2334 907 2388 eontinet
924 2339 1030 2386 tautum
1045 2325 1081 2407 A}
1092 2328 1187 2402 [libras
1201 2329 1271 2384 auri.

173 2414 330 2470 Kaisar..
767 2413 770 2418 ’
1128 2433 1130 2436 ·

90 2565 92 2571 .
243 2521 321 2576 Vera.
345 2527 403 2597 ²⁵⁷·
421 2544 476 2597 par
492 2529 630 2597 eunapii,
651 2523 722 2581 cod.
742 2524 811 2581 bob.
827 2527 927 2598 scripti
950 2523 997 2580 alii
1011 2532 1082 2580 teste
1096 2521 1271 2589 Bumenno',

172 2606 245 2662 Edd.
263 2609 361 2663 Venet.
378 2611 456 2683 Lips.
470 2611 531 2667 Col.
549 2611 642 2668 Viuet.
660 2611 733 2668 Pitb.
749 2615 860 2670 Hotom.
875 2615 967 2668 Ririn.
985 2645 1022 2659 -
1038 2626 1178 2686 corrupto,
1194 2611 1271 2666 Edd.

173 2696 281 2750 Caesar.
297 2697 394 2752 Const.
410 2701 441 2752 iu
455 2707 522 2754 text.
538 2700 629 2755 burm.
650 2703 785 2758 Wernad.
804 2733 840 2746 -
857 2716 998 2775 correpto,
1017 2701 1114 2756 Const.
1134 2701 1164 2753 iu
1185 2717 1271 2772 marg.

190 2805 327 2926 dffipm’
352 2784 431 2842 deest
451 2788 482 2842 in
503 2783 575 2845 Cod.
597 2788 666 2844 Bob.
688 2791 720 2845 iu
741 2799 861 2846 context.
880 2791 911 2846 iu
923 2809 1007 2862 marg.
1025 2787 1059 2842 ab
1075 2787 1171 2844 eadem
1184 2805 1268 2842 mauu

173 2891 187 2924 a
231 2873 306 2926 tum.

154 2967 160 2980 '
244 2980 324 3034 Vers·
345 2985 404 3042 158.
422 2983 547 3048 illibata,
562 2983 636 3039 Edd.
654 3005 691 3028 -·-
708 2986 841 3049 inlibato,
855 2983 926 3040 cod.
943 2983 1012 3042 bob.

242 3086 322 3141 Vera.
343 3092 402 3163 ¹⁵9·
424 3089 604 3162 corruptam,
619 3089 690 3144 Cod.
713 3089 781 3144 Rob.
796 3088 869 3144 Edd.
887 3089 985 3144 Consi.
998 3088 1089 3142 Bnrm.
1102 3119 1139 3134 -
1154 3089 1272 3159 Correp-

174 3188 249 3238 tam,
265 3173 339 3229 Edd.
358 3175 457 3230 Venet.
482 3177 560 3251 Lips.
583 3177 682 3233 Colon.
705 3177 813 3232 Caesar.
831 3206 868 3221 -
885 3190 1061 3250 corruptum,
1085 3175 1159 3232 Edd.
1176 3175 1270 3231 Viuet.

173 3263 284 3317 Hotum.
300 3262 435 3319 Wernsd.
644 3297 646 3302 ·

244 3353 294 3405 sub
307 3371 426 3426 aquam,
441 3349 514 3405 Edd.
530 3351 570 3425 pl.
585 3384 621 3396 —
638 3355 689 3409 sub
705 3374 799 3428 aquo,
817 3350 888 3408 cod.
901 3351 970 3412 Bob.
992 3351 1046 3408 Ed.
1062 3354 1152 3412 Riviu.
1167 3383 1204 3400 ·-
1215 3355 1269 3410 sub

175 3444 271 3513 aquis,
288 3439 359 3493 cod.
377 3439 471 3512 Regin.
489 3460 504 3494 a
520 3460 562 3515 pr.
577 3459 614 3494 ur.

243 3528 302 3580 Sub
314 3548 412 3602 aqua„
423 3527 497 3582 baud
512 3528 624 3583 dubiae
642 3530 811 3584 correctione
828 3528 965 3584 editorum
983 3535 1042 3593 e'st,
1061 3535 1090 3584 et
1102 3531 1152 3584 sub
1166 3549 1272 3604 uquam

174 3633 236 3670 vera
253 3613 346 3668 lentio.
364 3615 434 3671 Nam
447 3618 619 3671 Prisciauum
633 3617 722 3672 solere
735 3620 785 3672 sub
798 3636 861 3671 oum
876 3626 973 3692 quarto
989 3635 1053 3672 casu
1066 3615 1187 3690 jungere,
1199 3615 1273 3675 mul·

174 3706 211 3758 tis
224 3702 296 3760 locis
312 3703 489 3777 Periegeseos
504 3704 631 3760 vidimus.
649 3707 821 3772 Waunsu.

247 3805 288 3848 tot
301 3797 402 3862 inersrv
417 3792 488 3848 Cod.
503 3793 571 3848 Bob.
589 3827 626 3837 -
643 3796 755 3848 totidem
770 3815 843 3860 esse,
857 3793 930 3849 Edd.

246 3879 324 3934 Vara.
345 3883 404 3940 160.
422 3887 594 3953 permiscuit,
609 3880 680 3938 eod.
696 3882 765 3939 bob.
781 3882 853 3958 Edd.
867 3882 906 3958 pl.
924 3915 960 3930 -
977 3887 1152 3957 promiscuit,
1172 3877 1271 3944 codd,

177 3967 273 4042 liegin.
289 3967 319 4024 S.
333 3967 425 4026 Germ.
444 3969 516 4025 Edd.
533 3971 625 4030 Vinet.
670 4037 676 4045 .
