2950 4810
778 275 822 346 lo

250 517 254 530 ,
355 442 511 517 Lumine
528 465 612 514 cum
626 438 717 515 caeli
731 461 850 516 terrae
869 447 1020 516 caruere
1035 440 1225 546 sepulcris.

353 558 403 631 At
420 555 551 657 reliqui
568 561 702 660 patrias
716 556 826 633 aedes
845 557 1031 660 urbesque
1044 558 1274 659 relinquunt,

347 673 486 751 Orbati
500 676 592 746 natis
600 729 613 766 ,
630 673 799 773 lugentes
812 676 964 775 pignora
980 702 1059 747 cara
1067 729 1079 768 ,

264 787 328 864 125
354 789 501 864 Moenia
515 788 743 883 subvertunt,
752 816 1005 891 quaecumque
1024 789 1222 891 reliquerat
1236 790 1350 886 ignis,

356 905 408 978 Et
419 907 477 977 vix
493 903 657 978 aetherio
673 931 810 1008 poenas
827 933 976 980 sensere
993 910 1150 982 Tonanti

356 1017 530 1095 Reddere
551 1020 737 1119 sejustus,
756 1042 967 1124 contempto
982 1023 1081 1096 mille
1097 1049 1167 1125 per
1184 1045 1319 1106 annos3

356 1133 599 1235 Ultoremqne
617 1134 729 1210 deum
743 1157 830 1240 post
844 1137 965 1214 clades
980 1165 1060 1213 esse
1079 1140 1253 1224 fatentur,

355 1250 477 1349 Atque
493 1254 549 1322 sui
563 1278 665 1323 casus
682 1279 721 1325 se
738 1275 880 1326 causam
895 1256 988 1327 scire
1007 1255 1129 1328 firisse.

159 1385 204 1434 cot.
223 1401 237 1434 ι
266 1369 333 1442 130
359 1364 435 1470 Sed
451 1385 572 1440 tamen
586 1367 741 1464 Augusti
758 1387 908 1469 superat
924 1368 1115 1442 clementia
1136 1384 1282 1454 cuncta,

360 1483 434 1574 Qui
451 1500 582 1555 stratos
600 1481 747 1574 relevat,
757 1479 901 1560 domuit
917 1483 1136 1582 quosMarte
1153 1479 1346 1581 superbos,

358 1594 533 1670 Hostibus
549 1615 587 1668 et
602 1600 702 1697 pacis
719 1596 891 1671 concedit
905 1625 1055 1672 munera
1071 1601 1181 1700 pacis.

364 1709 538 1788 Gaudens
556 1737 656 1784 nunc
671 1738 846 1813 proceres
867 1739 1016 1818 securos
1031 1713 1147 1786 fidere
1162 1714 1250 1800 vita,

358 1829 634 1928 Imperiumque
648 1853 754 1898 suum
774 1828 1076 1931 vivendi‘ponere
1090 1831 1251 1902 fructum
1265 1853 1276 1916 3

269 1941 335 2020 135
360 1941 513 2016 Insidias
530 1967 638 2015 nemo
653 1941 749 2014 diras
765 1949 969 2045 metuitque
984 1971 1166 2019 venenum

361 2059 542 2154 Linguae,
563 2084 638 2157 quo
652 2057 757 2130 multi
771 2059 987 2134 ceciderunt
1003 2063 1153 2132 crimine
1174 2058 1270 2130 ficto.

361 2171 511 2247 Perdita
527 2199 587 2246 res
604 2172 735 2275 populi
748 2177 868 2250 firerat
881 2176 949 2250 sub
964 2197 1130 2277 tempore
1147 2172 1246 2263 diro,
1281 2189 1284 2194 ’

366 2289 540 2361 Restituit
552 2309 673 2364 tamen
688 2287 784 2363 hanc
801 2289 938 2366 domini
953 2291 1150 2394 prudentia
1165 2290 1256 2359 'mira
1264 2341 1277 2376 ,

363 2404 562 2478 Perfioiens
576 2406 740 2498 firmum,
760 2403 863 2505 quod
878 2411 978 2509 cepit
993 2406 1133 2496 debile,
1152 2422 1314 2499 regnum.

273 2520 340 2611 140
365 2521 481 2612 Multa
496 2521 604 2593 simul
620 2522 718 2594 vario
735 2541 960 2594 concurrunt
978 2517 1108 2594 ordine
1127 2545 1269 2606 rerum,

296 2685 299 2692 ‚
366 2637 614 2735 Diversosque
633 2634 784 2707 trahunt
800 2653 951 2734 angusto
965 2651 1120 2739 pectore
1136 2657 1263 2707 sensus
1269 2658 1280 2720 3

365 2751 418 2826 Ac
435 2749 548 2826 veluti
562 2747 717 2852 Delphis
734 2748 925 2845 Phoebas,
942 2779 1044 2845 cnm,
1062 2753 1210 2822 numine
1226 2746 1335 2848 plena
1342 2800 1355 2836 ,

367 2867 497 2940 Omnia
509 2892 603 2966 qnae
616 2867 772 2960 filerunt,
788 2893 882 2966 quae
898 2887 994 2960 sunt,
1010 2868 1223 2969 pariterque
1233 2865 1365 2936 futura.

368 2983 575 3084 Conspicit,
599 3001 636 3056 et
653 2984 804 3083 cupiens
818 2981 1040 3084 prohibetur
1057 2979 1220 3085 prodere
1236 2978 1329 3064 luci3

250 3155 255 3165 .
274 3097 341 3189 145
367 3099 429 3174 Sic
447 3124 514 3195 ego
531 3100 741 3199 concipiens
756 3113 835 3188 tua,
852 3099 1049 3202 Princeps,
1068 3095 1226 3200 plurima
1238 3095 1354 3182 facta,

369 3214 473 3306 Quae
490 3213 556 3284 tibi
571 3211 757 3288 debentur
774 3210 923 3287 diversis
937 3212 1101 3320 pertibus
1117 3208 1233 3299 orbis,

366 3329 403 3404 N
405 3355 454 3403 on
468 3355 620 3429 possum
635 3329 754 3403 verbis
774 3333 892 3404 auimo
907 3332 1076 3432 proferre
1091 3344 1234 3428 parata:

368 3444 552 3536 Quocirca
566 3442 717 3519 laudum
733 3444 857 3544 relego
875 3445 1012 3543 fastigia
1030 3467 1178 3516 summa.

367 3559 476 3632 Nunc
492 3559 681 3634 hominum
687 3562 813 3658 generi
824 3560 1017 3633 laetissima
1032 3555 1178 3630 saecula
1193 3574 1356 3645 currunt,

276 3674 343 3752 150
369 3675 472 3766 Quos
489 3679 617 3777 inopes
639 3673 782 3749 dudum
798 3674 977 3748 faciebant
992 3675 1094 3772 jussa
1109 3668 1286 3760 nefanda5

176 3783 181 3792 ’
371 3790 475 3883 Quae
490 3810 646 3893 propter
657 3790 764 3863 multi
781 3789 888 3864 sedes
905 3790 1032 3888 fugere
1050 3808 1263 3892 parentum,

372 3907 476 4001 Quae
489 3926 596 4009 pater
611 3927 649 3982 et
666 3904 835 3983 dominus
852 3903 1129 3982 terrae‘delevit
1142 3906 1190 3976 ⁴iu
1213 3927 1356 3976 aevum:

1446 2355 1454 2524 't
