2908 4814
743 309 790 376 64

672 384 851 406 —h——d

222 463 355 538 ,plltibus
374 483 403 518 se
419 463 538 519 reddens
554 465 716 538 proximum.
736 465 775 519 Ut
791 484 837 519 ora
853 465 922 520 vitet
930 487 1078 534 ursorum,
1096 467 1143 524 ille
1159 473 1190 524 in
1202 479 1316 525 tenuem

221 553 356 626 «regulam
372 563 466 607 ventre
479 571 629 625 suspensus
646 555 744 607 invitat
759 552 925 608 exitiabilem
939 557 1037 622 feram,
1056 565 1083 610 et
1104 559 1161 612 nisi
1176 559 1320 631 periclita⁴

223 643 394 707 «induerit,
411 641 451 694 nil
474 641 548 694 unde
568 643 659 695 rivere
682 643 773 713 possit
794 641 917 717 acquirit.
937 644 1014 698 Alter
1033 665 1063 698 se
1087 646 1216 718 gestabili
1237 665 1318 702 muro

223 750 404 794 namuurum,
424 740 517 784 contra
530 731 718 782 saevissimum
733 729 848 794 animal,
867 733 985 785 erinacei
1000 735 1138 808 exemplo,
1157 745 1313 808 receptatus

223 818 373 883 «includit,
392 819 440 892 qni
456 817 549 871 subito
565 819 594 870 in
608 826 700 889 tergus
713 834 793 869 suum
809 819 961 890 refugiens,
979 821 1050 873 intra
1069 839 1099 874 se
1112 822 1247 877 collectus
1268 824 1317 876 ab·

223 907 397 969 ascenditur,
417 915 444 960 et
458 924 521 958 cum
538 923 672 978 nusquam
690 905 865 971 discesserit,
885 906 942 978 ejus
957 908 1151 980 corpusculum
1168 930 1225 964 non
1239 911 1319 964 vide-

223 1006 299 1062 atur,
318 1013 379 1047 nem
397 995 470 1048 siout
485 992 532 1046 ille
545 994 672 1047 veniente
690 996 826 1048 contrario
839 994 977 1050 revolutus
991 998 1021 1050 in
1035 995 1191 1069 sphaeram,
1210 1009 1318 1052 natura-

223 1083 312 1144 ,libus
330 1082 485 1135 defensatur
498 1079 614 1145 aculeis,
632 1082 672 1134 sic
690 1080 737 1133 ille
752 1083 883 1136 consutili
897 1093 970 1136 crate
985 1087 1170 1156 praecinctus,
1187 1089 1319 1140 munitior

224 1170 365 1233 ,redditur
379 1167 524 1239 fragilitate
542 1187 696 1222 cannarum.
714 1169 778 1234 Alii,
793 1169 883 1224 tribus
895 1179 929 1224 ut
939 1173 978 1226 ita
994 1172 1110 1226 dixerim
1125 1172 1253 1228 hostiolis
1269 1195 1319 1246 pa·

223 1267 325 1320 «ratam
346 1259 376 1310 in
396 1276 426 1310 se
442 1255 545 1309 rabiem
560 1276 708 1328 provocare
732 1268 926 1330 praesumunt,
944 1261 974 1312 iu
997 1261 1103 1332 patenti
1126 1281 1188 1314 aree
1210 1260 1320 1314 cancel-

225 1346 308 1408 ,losis
324 1365 353 1399 se
367 1343 495 1418 postibus
512 1344 685 1409 occulentes,
702 1344 786 1399 modo
802 1346 904 1411 facies,
922 1348 1005 1402 modo
1026 1358 1101 1420 terga
1116 1357 1318 1416 monstenem,

225 1445 272 1498 «ut
286 1437 385 1488 mirum
400 1434 437 1485 sit
452 1432 581 1496 eradere,
600 1451 668 1506 quos
684 1434 723 1486 ita
744 1435 859 1505 respicis
882 1454 933 1506 per
946 1434 1062 1510 leonum
1077 1455 1182 1506 ungues
1200 1437 1313 1490 dentes-

225 1545 293 1598 ,que
309 1521 430 1578 volitare.
450 1519 525 1573 Alter
543 1519 648 1574 labenti
666 1531 725 1574 rota
746 1523 812 1575 ieris
835 1521 963 1588 offertur,
988 1523 1081 1576 cadem
1101 1524 1170 1578 alter
1186 1527 1319 1596 erigitur,

178 1613 182 1620 '
226 1622 272 1672 ,nt
285 1608 417 1684 periculis
434 1610 583 1676 auferatur,
602 1610 643 1662 sic
659 1607 725 1663 baec
737 1608 861 1663 machina
873 1609 996 1664 adinfidi
1010 1611 1108 1666 muudi
1119 1613 1235 1666 formata
1252 1633 1321 1686 qua-

225 1699 345 1761 «litatem
354 1737 362 1762 ,
380 1697 444 1750 illos
459 1715 509 1768 spe
521 1697 641 1761 refovet,
659 1696 722 1750 illos
737 1699 835 1752 timore
851 1697 1008 1762 discruciat,
1027 1699 1156 1752 omnibus
1173 1708 1263 1752 tanam
1277 1701 1321 1752 ria

226 1791 336 1849 scissim
352 1796 383 1840 ut
400 1786 527 1856 decipere
550 1786 640 1856 possit
661 1784 770 1838 arridet.
789 1785 915 1856 Longum
937 1796 980 1840 est
1002 1807 1053 1859 per
1075 1796 1119 1841 tot
1133 1787 1322 1858 periculorum

227 1895 322 1938 «casus
339 1873 513 1928 sermonibus
531 1873 653 1943 evagari,
672 1872 722 1925 sed
740 1882 802 1944 apte
814 1873 984 1946 jungendum
1001 1885 1057 1940 est,
1075 1874 1151 1949 quod
1165 1876 1205 1928 ait
1221 1875 1255 1928 de
1277 1877 1321 1928 in·

227 1967 307 2026 ,feris
322 1963 502 2015 Mantuanus:
523 1961 584 2032 quis
606 1958 740 2012 scelerum
762 1960 993 2031 comprehendere
1015 1964 1131 2025 forinas,
1150 1964 1212 2036 quis
1230 1964 1322 2016 omnia

227 2069 391 2126 ,poenarum
406 2066 565 2120 percurrere
578 2047 688 2099 nomina
700 2047 809 2118 possit?
828 2049 885 2102 Sed
906 2049 1002 2114 vobis,
1021 2050 1122 2124 quibus
1146 2069 1259 2104 necesse
1281 2059 1335 2104 est.

228 2138 307 2202 ,talia
323 2135 435 2210 populis
450 2134 595 2198 exhibere,
612 2134 736 2204 largitate
749 2155 844 2193 manua
857 2137 966 2190 fundite
977 2140 1113 2210 proemia,
1141 2147 1173 2191 ut
1187 2136 1254 2192 haec
1271 2142 1323 2192 rni-

227 2229 312 2289 «seris
326 2227 432 2279 faciatis
449 2242 510 2276 esse
523 2225 621 2277 votiva.
639 2222 751 2297 Alioqui
763 2223 885 2279 violenta
895 2224 1049 2298 compulsio
1063 2234 1114 2289 est,
1132 2224 1258 2280 solennia
1273 2226 1322 2280 do-

228 2335 278 2377 «na
292 2312 464 2376 subtrahere,
484 2321 512 2365 et
526 2321 628 2366 mortes
645 2310 822 2374 detestabiles
835 2315 984 2385 imperare,
1006 2321 1034 2367 et
1052 2312 1116 2367 ideo
1140 2314 1279 2388 quidquid
1293 2315 1322 2366 in

224 2404 353 2474 ,longam
368 2399 593 2454 consvetudiuem
608 2404 719 2476 antique
733 2400 896 2454 liberalitate
913 2402 1055 2473 pervenit,
1075 2403 1134 2454 siue
1150 2399 1241 2475 aliqua
1256 2401 1323 2456 dila-¹

229 2494 320 2554 ,tione
335 2488 479 2544 concedite
496 2487 679 2560 supplicanti:
700 2491 762 2562 quia
779 2487 923 2543 homicidii
943 2498 1033 2542 reatus
1053 2497 1109 2552 est,
1127 2487 1184 2542 illis
1202 2509 1263 2543 csse
1283 2501 1326 2544 te-

230 2598 357 2641 ,nacem,
378 2595 447 2650 quos
457 2577 580 2630 conditio
600 2585 689 2628 vestra
707 2578 832 2630 invitavit
854 2576 889 2630 ad
911 2585 1036 2630 mortem.
1054 2577 1115 2630 Heu
1137 2577 1235 2632 mundi
1251 2599 1325 2632 error

213 2665 401 2730 ‘«doleudus,
419 2667 444 2718 si
468 2674 541 2718 esset
562 2662 635 2717 ullus
651 2667 796 2738 aequitatis
810 2666 944 2728 intuitus,
962 2673 1052 2718 tantae
1071 2664 1180 2718 divitiae
1202 2685 1253 2736 pro
1271 2668 1325 2719 vita

230 2755 400 2818 ,mortalium
418 2753 550 2808 deberent
573 2750 647 2814 dari,
668 2749 783 2824 quantae
806 2753 835 2805 iu
852 2761 955 2806 mortes
975 2750 1117 2806 hominum
1133 2751 1262 2806 videntur
1284 2755 1324 2806 ef-

228 2844 350 2905 ,fundis
372 2844 429 2896 cfr.
445 2844 526 2894 etiam
540 2838 627 2894 Flavii
646 2838 744 2904 Probi,
763 2841 935 2912 imperatoris
957 2841 1093 2894 Anastasii
1115 2859 1131 2892 e
1151 2840 1195 2894 Fl.
1206 2842 1325 2912 Hypatio

228 2937 311 2994 fratre
329 2933 458 3003 nepotis,
476 2946 538 2983 ann.
562 2933 613 2985 502
633 2925 780 2992 Consulis,
798 2929 956 3000 Diptyohon
974 2930 1118 2982 consulare
1136 2950 1154 2982 a
1171 2930 1326 2984 Wilthema'o

229 3025 331 3076 editum
345 3021 459 3079 Leodii,
482 3021 550 3091 1659
567 3015 645 3087 cujus
661 3015 784 3086 picturae
795 3017 940 3072 recitatum
961 3015 1122 3069 Cassiodori
1138 3015 1232 3070 locum
1250 3034 1327 3086 egre-¹

229 3111 273 3180 gie
289 3109 443 3168 illustrant,
462 3114 490 3158 et
507 3123 575 3178 qnae
591 3103 625 3156 ab
643 3102 752 3156 erudito
766 3102 872 3157 editore
885 3103 955 3158 ibid.
970 3123 1032 3176 pag.
1049 3107 1171 3162 21-26
1197 3103 1232 3156 de
1245 3123 1327 3158 vena-

229 3196 353 3250 tionibus
364 3192 533 3248 circensibus
542 3193 725 3264 disputantur.
743 3221 780 3234 —
797 3190 841 3242 De
855 3192 1005 3246 factionum
1014 3192 1180 3246 circensium
1194 3191 1247 3244 sub
1255 3195 1327 3246 Ana-

230 3287 315 3338 stasio
333 3281 518 3337 seditionibus
534 3290 561 3335 et
574 3278 672 3334 litibus
688 3278 783 3332 confer
795 3287 904 3349 practer
920 3281 1110 3351 Theophanem
1125 3301 1192 3353 pag.
1210 3284 1260 3337 126
1275 3282 1327 3335 im-

230 3374 328 3445 primis
343 3375 480 3428 Maletum
495 3371 558 3422 edit.
575 3370 607 3423 V
603 3380 670 3421 enee.
688 3381 752 3420 tom.
766 3369 806 3419 II.
820 3387 886 3439 pag.
904 3372 939 3426 38
956 3383 982 3422 er
993 3376 1036 3443 39.
1056 3368 1201 3425 Factioues
1220 3370 1327 3422 circen-

232 3479 276 3514 ses
292 3459 326 3512 ab
340 3460 484 3512 Anastasio
499 3474 652 3529 repressas,
667 3455 826 3526 inperatori
841 3456 990 3525 gratulatur
1007 3458 1135 3511 Gelasius
1154 3459 1234 3529 Papa
1253 3458 1325 3511 Con-

232 3553 316 3602 uilior.
336 3549 398 3600 edit.
415 3548 500 3601 Celet.
526 3559 590 3600 tom.
608 3546 642 3599 V.
659 3565 725 3615 pag.
742 3550 812 3600 511:
834 3542 941 3602 «Taceo
958 3543 1033 3618 quod
1047 3562 1097 3615 pro
1114 3542 1197 3604 rebus
1211 3542 1327 3598 ludicris

235 3634 396 3709 «populares
407 3632 539 3688 tumultus
549 3651 623 3685 nunc
638 3634 719 3684 etiam
735 3631 846 3703 pietatis
859 3641 965 3686 vestrae
978 3634 1124 3686 auctoritas
1139 3634 1324 3688 refraenavit.»

234 3727 291 3779 Cir.
311 3726 457 3778 Tillemout
473 3724 533 3776 hist.
549 3723 594 3775 der
609 3741 705 3792 emper.
723 3734 786 3772 tom.
803 3721 853 3774 VI.
869 3741 935 3792 pag·
957 3724 1019 3778 538.
1039 3719 1203 3792 Spectacula
1225 3723 1328 3794 (turpia

131 3808 133 3814 ἲ
234 3832 332 3886 nempe
348 3810 395 3863 illa
412 3810 445 3862 de
460 3810 560 3883 quibus
575 3811 724 3879 Procopius
741 3809 869 3862 Gazaeus
884 3812 902 3862 l.
920 3813 955 3880 c.)
971 3827 1042 3862 anno
1059 3807 1122 3863 Chr.
1141 3814 1192 3867 502
1211 3809 1245 3862 ab
1258 3812 1328 3863 Aua·

235 3903 319 3956 stasio
335 3899 437 3953 abolita
453 3900 538 3952 luisse
552 3896 612 3954 vult
623 3898 707 3950 Josue
727 3897 838 3968 Styliter
855 3899 930 3968 opud
943 3898 1124 3952 Assemsnum
1143 3919 1187 3969 op.
1206 3903 1249 3952 cit.
1263 3913 1328 3952 tom.

235 3993 259 4043 Ι.
270 4011 334 4062 pag.
351 4004 418 4060 272,
430 4005 534 4059 pugnes
551 4005 612 4038 curu
629 3985 727 4037 bestiis
742 3983 800 4055 iam
824 4003 894 4038 auno
911 3983 975 4039 Chr.
993 3995 1047 4061 ,499
1064 4001 1224 4057 suppressas
1241 3985 1329 4040 fuisse
