2950 4810
317 785 472 920 Accipe
491 843 679 892 romanum
694 819 864 894 clementi
879 838 1032 922 pectore
1050 797 1213 910 carmen,
1295 915 1299 936 Ι

318 932 472 1035 Accipe,
492 932 596 1033 quod
613 934 715 1010 soleo
733 933 879 1009 caelesti
897 932 1057 1009 reddere
1074 938 1170 1032 regi3

316 1049 472 1121 Munere
485 1074 554 1149 pro
568 1051 679 1143 vitae,
693 1078 763 1154 pro
775 1048 933 1154 pulchro
948 1049 1084 1123 lumine
1106 1048 1208 1122 solis:

317 1162 484 1264 Namque
502 1159 613 1237 deum
625 1170 736 1245 sentis
753 1165 888 1268 placari
902 1169 1058 1238 carmine
1076 1185 1231 1256 tantum,

269 1280 291 1353 5
319 1281 439 1372 Quem
453 1283 617 1377 sequeris
635 1285 808 1384 princeps
828 1285 945 1354 animo
965 1282 1160 1381 justissime
1182 1299 1281 1353 recto
1291 1335 1303 1370 ,

319 1397 392 1488 Qui
406 1394 470 1467 tibi
489 1421 599 1494 regna
619 1395 742 1492 dedit,
760 1400 819 1469 cui
837 1395 950 1470 debes
968 1399 1085 1469 omnia
1100 1397 1167 1468 soli

314 1511 516 1612 Prospera,
537 1538 630 1611 quae
646 1513 753 1585 bellis
770 1515 908 1612 pariter
922 1511 981 1584 vel
993 1538 1084 1613 pace
1103 1512 1237 1601 tulisti3

313 1625 442 1699 Audax
458 1652 541 1698 nam
558 1617 665 1701 venio
687 1629 882 1729 praeconia
904 1623 1028 1712 dicere
1050 1647 1184 1718 vestra,

315 1741 419 1834 Quae
439 1739 518 1814 finit
545 1741 704 1836 caelum,
727 1743 860 1844 quibus
887 1745 1001 1814 omnis
1027 1744 1182 1840 cingitur
1196 1741 1304 1816 orbis.

176 1917 180 1926 .
245 1853 288 1929 ro
313 1856 348 1930 N
351 1883 393 1929 ec
408 1860 540 1929 mirum
555 1858 642 1930 tales
649 1914 662 1952 ,
677 1887 721 1932 er
740 1878 839 1930 tanta
854 1861 968 1958 stirpe
985 1876 1125 1932 creatos

312 1971 498 2073 Pompeji,
518 1975 671 2074 proprio
688 2000 800 2072 quem
814 1971 970 2046 culmine
992 1973 1105 2045 Roma
1121 1971 1252 2046 locavit
1261 1975 1284 2061 ‚'

315 2086 428 2183 Cujus
446 2091 527 2186 quis
543 2089 674 2160 merito
689 2087 806 2160 valeat
821 2114 1013 2162 numerare
1033 2086 1255 2188 triumphos,

317 2199 1304 2306 QuosviditTitanlinqaensrepetensqueprofundum,

317 2317 420 2411 Quos
435 2316 559 2394 medio
574 2323 721 2394 veniens
737 2339 888 2392 steterat
904 2323 1053 2392 miratus
1073 2317 1241 2422 Olympo.

245 2433 286 2508 15
315 2430 392 2514 Sed
408 2451 526 2510 tamen
546 2439 710 2534 egregio,
729 2434 903 2534 Pompei,
925 2431 1016 2507 cede
1030 2435 1157 2535 nepoti
1164 2461 1175 2523 3

312 2549 478 2650 Namque
494 2577 627 2647 genus,
648 2546 752 2651 quod
768 2569 809 2621 tu
827 2568 1006 2621 terrarum
1019 2550 1136 2620 victor
1152 2547 1302 2648 ubique,

312 2660 536 2740 Indomitum
555 2667 667 2739 Tauri
683 2664 874 2763 linquebas
894 2663 1046 2737 collibus
1063 2661 1141 2734 altis
1149 2717 1161 2752 ,

314 2779 383 2851 Hic
402 2777 544 2852 domuit
555 2784 702 2882 penitus
713 2835 725 2871 ,
746 2780 952 2852 convellens
972 2781 1108 2853 semina
1122 2777 1230 2867 belli,

315 2891 445 2986 Quod,
465 2895 561 2970 celso
578 2899 741 2998 positum
756 2897 922 2969 fortu'nae
940 2897 1077 2968 vertice
1095 2920 1236 3007 nuper3

241 3035 288 3084 20
313 3009 363 3080 Et
378 3008 521 3083 nullum
536 3011 646 3084 finem
661 3009 816 3084 eredens
833 3007 999 3084 felicibus
1016 3037 1116 3102 esse,

313 3126 429 3227 Impia
446 3119 630 3200 condebat
643 3130 748 3199 terris
769 3145 1004 3200 monumenta
1022 3122 1158 3200 doloris
1170 3178 1188 3214 ,‚
1238 3124 1241 3130 ’

313 3233 460 3315 Veiatis
479 3238 646 3314 domibus
655 3253 794 3345 ,raptu
810 3246 1002 3344 stuprique
1021 3243 1163 3329 furore,

317 3353 410 3430 Cum
425 3355 559 3431 similes
580 3383 705 3430 omnes
722 3355 768 3429 ad
786 3362 943 3459 pessima
967 3353 1095 3427 damna
1118 3353 1305 3456 putabant,

89 3477 206 3584 Fgffi'·
314 3469 399 3544 Non
407 3468 600 3546 honorant
609 3490 705 3546 aetas
712 3477 835 3574 potuit
851 3468 1053 3546 defendere
1074 3496 1304 3569 quemquam,

228 3585 287 3664 ‘25
312 3585 473 3684 Legibus
489 3590 642 3679 eversis,
660 3607 761 3662 certo
780 3588 978 3660 munimine
992 3607 1132 3676 rerum,

312 3705 434 3802 Vique
445 3721 665 3805 potestatem
678 3703 818 3777 telluris
832 3701 908 3777 sola
924 3720 1083 3774 tenente.

315 3817 422 3891 Tunc
437 3822 538 3920 pravi
554 3819 735 3892 scelerum
750 3818 943 3920 capiebant
956 3818 1116 3919 praemia
1131 3808 1215 3890 laeti
1223 3869 1235 3905 ,

314 3931 468 4008 ludiciis
481 3937 632 4010 nimium
646 3935 762 4035 justos
785 3931 954 4008 damnare
969 3935 1121 4026 coactis3
