2950 4810
182 837 249 932 Ad
262 879 471 946 Praefiationesu.
488 877 686 930 praefationem
702 878 842 930 aDenisio
853 875 948 932 beatae
965 882 1124 944 memoriae,
1137 881 1166 936 iu
1185 885 1269 938 Gutu-

179 969 244 1038 logo
265 967 348 1020 codd.
364 986 423 1020 mes
440 966 557 1038 theolog.
574 966 623 1018 tat
642 967 760 1020 biblioth.
781 967 858 1020 Caes.
877 967 908 1020 V
905 967 994 1023 indat.
1011 982 1073 1020 tom.
1092 970 1115 1020 Ι.
1131 973 1181 1022 col.
1196 973 1266 1027 635:
1292 1027 1296 1032 ,

179 1054 311 1124 integram
326 1072 385 1106 esse
401 1053 520 1118 editam,
538 1054 568 1104 in
581 1055 721 1124 prooemio
735 1056 898 1106 monuimus.

247 1143 399 1213 Inscriptio.
423 1143 455 1193 Iu
470 1139 545 1202 ¹Cod.
568 1141 685 1212 aprima
702 1159 799 1202 manu,
819 1147 846 1192 et
864 1142 892 1194 iri
910 1144 1030 1213 margine
1048 1163 1062 1195 a
1078 1161 1158 1195 manu
1175 1163 1268 1196 receu-

180 1229 243 1281 tiori
259 1227 383 1300 repetita.
944 1239 950 1250 ‘

248 1317 325 1371 Vers.
341 1339 364 1373 r.
386 1333 474 1390 «quae
488 1320 588 1370 rotenia
607 1317 648 1370 sic
661 1315 732 1369 Cod.
747 1317 881 1369 Dauisius
900 1323 978 1390 «qui»
996 1316 1093 1380 edidit,
1107 1325 1134 1370 ct
1152 1335 1266 1391 «queant

180 1402 300 1476 conjicit.
870 1451 872 1458 ,

247 1491 325 1546 Vers.
338 1495 433 1549 5-6.
453 1490 578 1546 conferri
597 1500 716 1547 meretur
737 1493 820 1544 Plinii
835 1495 863 1544 irs
877 1493 989 1544 exordio
1010 1493 1176 1564 Panegrrici
1195 1496 1265 1547 Tru-

171 1582 237 1652 jani
250 1577 344 1632 locus:
366 1581 481 1650 „Aptum
495 1581 625 1652 piumque
642 1588 684 1632 est
705 1588 732 1632 te
748 1579 858 1650 Jupiter
877 1579 980 1650 optime
994 1581 1143 1636 maxime..
1155 1619 1176 1632 ..
1202 1600 1264 1652 pre-

180 1668 268 1733 «cari5
287 1675 318 1719 ut
329 1665 395 1719 mihi
411 1666 492 1737 digna
509 1667 639 1731 consule,
659 1666 740 1737 digna
758 1674 869 1728 senatu„
891 1664 972 1742 digna
986 1667 1112 1739 principe
1127 1669 1267 1738 contingat

180 1754 300 1811 «oratior
319 1763 401 1827 utque
419 1753 561 1818 omnihus,
578 1775 646 1828 quae
665 1753 819 1808 dicentura
837 1772 897 1816 me,
915 1753 1047 1818 libertas,
1064 1753 1152 1818 fides,
1170 1757 1268 1809 veritas

181 1849 319 1898 ,constetr
339 1849 497 1915 tantumque
514 1862 529 1894 a
551 1845 645 1914 specie
668 1841 832 1894 adulationis
851 1839 924 1893 absit
946 1843 1179 1911 gratiarumactio
1193 1863 1269 1907 mea,

180 1936 325 1999 «quantum
340 1928 418 1982 abest
432 1949 447 1980 a
461 1931 624 1982 necessitate
634 1969 706 1986 .....
725 1929 866 2001 Nusquam
880 1937 911 1982 ut
924 1931 1003 1994 Deo,
1021 1949 1155 2003 nusquam
1171 1941 1202 1984 ut
1218 1951 1269 1984 nu-

180 2016 262 2073 „mini
275 2013 461 2069 blandiamur:
481 2036 536 2071 non
555 2017 675 2070 enimde
690 2027 823 2088 tyranno,
842 2009 949 2088 sedide'
966 2019 1039 2082 eive,
1058 2037 1114 2072 non
1131 2018 1270 2074 de'domi-

178 2119 248 2167 «no,
266 2102 316 2156 sed
335 2104 368 2157 da
384 2114 496 2176 parente
512 2104 652 2179 loquimur
661 2144 747 2160 ......
768 2105 910 2176 Quantum
925 2105 961 2158 ad
977 2124 1021 2158 me
1037 2107 1174 2178 pertinet,
1192 2106 1269 2160 labo-

178 2190 275 2256 «raho,
293 2201 325 2245 ut
340 2195 491 2247 orationem
505 2211 593 2245 meam
613 2192 648 2244 ad
662 2192 878 2247 moderationem
899 2193 1034 2264 principis
1052 2193 1268 2267 modestiamque

177 2278 368 2343 «submittam,
387 2299 438 2333 uec
461 2281 551 2332 minus
573 2278 772 2341 considerabo,
798 2280 866 2350 quid
890 2299 968 2334 aures
994 2281 1052 2351 ejus
1074 2284 1132 2353 pati
1145 2284 1269 2356 possint,

177 2385 274 2437 «quam
290 2366 357 2438 quid
371 2365 518 2420 virtutibus
536 2365 676 2420 debeatur.
695 2365 793 2436 Magna
817 2376 845 2418 et
868 2368 997 2420 inusitata
1011 2370 1147 2439 principis
1170 2369 1269 2440 gloria,

178 2455 240 2512 «cui
257 2455 354 2524 gratias
367 2463 493 2518 acturus,
510 2473 567 2508 nou
579 2464 635 2508 tam
648 2472 757 2516 vereor,
775 2471 809 2506 ne
823 2470 867 2508 me
882 2456 912 2507 iu
924 2453 1052 2509 laudibus
1070 2457 1126 2508 suis
1142 2476 1269 2528 parcum,

116 2571 122 2582 ·
178 2561 275 2614 nquam
290 2561 325 2594 ne
341 2543 456 2600 nimium
469 2551 573 2614 putet-¹²
1185 2613 1189 2624 1

247 2631 324 2682 Vers.
345 2634 472 2688 11—16.
498 2630 549 2684 Sic
560 2630 652 2703 iuquit
668 2631 801 2702 Corippua
817 2631 965 2684 Juliannid.
982 2632 1041 2684 Lit.
1058 2649 1081 2686 t.
1113 2653 1136 2684 ν.
1153 2637 1188 2687 23
1205 2631 1268 2685 loco

177 2715 289 2771 mutilo:

311 2804 437 2878 «Oraque
453 2823 504 2877 per
522 2814 633 2858 centum
649 2803 805 2878 producant
821 2815 934 2878 pectora
953 2813 1063 2862 cantus:

312 2893 390 2952 «Non
407 2890 475 2946 mihi
493 2893 648 2946 sufficerent
666 2911 783 2957 sensus,
799 2911 855 2946 non
874 2911 954 2947 omne
973 2897 1083 2964 canenti

310 2956 476 3052 ,Ingenium
486 2979 536 3036 leti
553 2980 670 3040 volitans
688 3001 738 3054 per
756 2981 835 3035 devia
850 2981 965 3046 mundi,

310 3069 489 3128 «summatim
505 3067 553 3123 illa
572 3087 681 3133 canam,
696 3069 812 3130 ,summis
832 3078 859 3121 et
875 3065 1004 3124 leudibus
1023 3079 1110 3142 apta.»
1171 3121 1175 3131 ,
1254 3121 1257 3134 ,

176 3155 381 3209 conserendum
395 3175 457 3208 oum
477 3155 520 3210 his
545 3158 626 3212 etiam
648 3155 790 3210 exordium
805 3155 1019 3228 elegantissimae
1036 3159 1167 3212 orationis
1182 3177 1266 3232 pane-

175 3245 283 3314 gyricas
297 3245 424 3314 Procopii
441 3245 586 3316 Sophistae
602 3247 725 3307 anuei,
744 3266 762 3298 a
784 3245 812 3298 V
812 3247 946 3300 Hiciecnic
968 3268 984 3301 e
1000 3247 1092 3300 codice
1111 3247 1217 3300 Veneto
1238 3249 1264 3299 d.

174 3331 267 3388 Marci
280 3352 338 3385 nro.
354 3335 407 3394 428
423 3337 452 3385 in
467 3333 615 3388 Anecdctis
633 3337 741 3406 graecis
758 3347 822 3386 tom.
837 3335 878 3386 ΙΙ.
894 3355 959 3408 pag.
978 3338 1012 3392 28
1026 3347 1053 3388 et
1068 3354 1140 3408 seqq.
1161 3333 1264 3396 editae,

175 3439 228 3492 qua
244 3418 318 3472 idem
334 3420 485 3492 Imperator
499 3416 656 3476 Anmmsius
673 3419 835 3476 celebratur.

244 3508 322 3561 Vers.
342 3514 469 3582 17-18-
490 3509 649 3583 «Quosdam
665 3507 736 3564 solet
753 3507 940 3562 commendere
956 3511 1089 3564 materia:
1109 3519 1136 3562 et
1157 3495 1262 3583 aliquo-

177 3597 264 3654 «tiens
278 3594 529 3650 sortasselectorem
537 3598 625 3652 solum
638 3595 735 3650 lemma
743 3595 873 3652 sollicitat
888 3595 979 3665 tituli,
998 3606 1030 3652 ut
1041 3599 1191 3654 festivitate
1200 3616 1262 3670 per·
1327 3661 1329 3666 Ι

177 3701 304 3748 «suasus,
323 3691 351 3738 et
365 3685 495 3758 ineptiam
507 3687 577 3740 ferre
594 3694 739 3742 contentus
755 3687 816 3740 δὴ.»
836 3686 974 3740 Ausonius
987 3691 1123 3758 parentat.
1141 3691 1261 3783 praestat.

588 3895 849 3909 m
