2908 4814
344 97 360 128 Ι

326 145 331 163 ’
847 168 863 207 s

735 205 801 288 104

224 353 355 444 idimidia
368 378 472 434 sextula
490 376 604 450 scripuli
630 376 702 440 duc:
730 395 824 432 rursus
847 377 953 432 sextula
974 387 1004 432 et
1028 376 1173 433 dimidium
1196 375 1341 430 sextulae

143 521 147 543 2
224 469 362 535 «sicilicus
371 467 547 543 appelletur.»
566 467 722 522 Priscianus
739 467 834 542 defig.
842 487 945 522 numer.
958 487 1019 540 cap.
1028 468 1069 521 ΙΙ.
1079 485 1141 540 opp.
1152 467 1214 520 edit.
1224 465 1338 528 meat,

221 575 285 614 tom.
299 560 340 613 II.
361 578 427 632 pag.
445 565 506 632 591.
525 552 609 607 Plane
630 555 669 608 ita
685 556 812 608 carminis
835 557 925 609 nostri
941 565 1053 622 auctor,
1072 556 1117 608 cui
1138 553 1272 610 sicilicus
1293 577 1338 604 =

221 667 237 706 2
254 647 424 702 drictum:
442 649 460 706 6
477 644 566 716 scrip.
583 628 611 696 et
625 641 737 696 sextula
753 665 789 694 =
808 663 821 700 1
838 642 958 698 drachm.
974 654 1041 728 ·¹·.¹
1059 644 1193 724 scrip:
1207 643 1334 713 Ascrip.

222 756 236 794 1
252 733 365 792 sextula
379 741 471 787 autem
486 741 521 794 -Ι-
535 739 555 804 κρ
566 741 633 785 seat.
650 755 686 786 =
704 752 718 789 1
736 731 834 788 sicilic.
848 756 884 786 =
898 737 917 794 6
930 734 1015 806 scrip.
1036 733 1133 790 ach.
1147 753 1183 784 =
1195 735 1213 789 8
1225 727 1332 783 drach.

219 848 255 878 =
272 835 307 892 24
320 825 403 896 scrip.
422 843 458 874 =
474 823 492 878 6
506 827 574 874 sext.

301 930 378 985 Vera.
395 935 438 984 23.
457 947 535 990 cum,
551 924 622 982 Ccd.
635 925 703 980 Boh.
718 925 791 981 Edd.
806 928 905 983 Venet.
924 927 1033 984 Caesar.
1056 927 1149 982 Vinct.
1170 925 1266 992 Consi.
1289 953 1332 968 --

220 1039 305 1091 quum
312 1059 324 1084 ,
347 1013 420 1070 Edd.
436 1015 508 1072 Pith.
525 1015 615 1069 Burm.
633 1015 768 1070 Werusd.
786 1019 871 1071 etsie
890 1025 1057 1070 constanter.

290 1107 438 1167 Duellam,
457 1101 527 1158 Ccd.
545 1101 614 1159 Βοὴ.
630 1102 704 1158 Edd.
719 1122 823 1158 omnes.
842 1136 878 1147 -
895 1107 1052 1167 duvellum,
1071 1103 1142 1158 ch.
1159 1103 1253 1175 Regin.

290 1212 369 1267 Vcrs.
384 1215 427 1267 25.
455 1211 634 1276 Grammata,
652 1208 726 1264 Edd.
748 1228 852 1264 omnes.
867 1242 903 1252 -
919 1213 1094 1283 Dragmata,
1119 1208 1190 1264 cod.
1212 1206 1283 1262 Boh.
1311 1229 1328 1261 a

219 1319 261 1373 pr.
276 1296 377 1353 maed
395 1317 428 1353 ex
445 1298 552 1354 emend.
572 1317 626 1353 aec.
642 1307 745 1372 recept.
767 1300 852 1355 itaet
875 1317 949 1371 supr.
968 1317 1038 1353 vers.
1055 1319 1081 1374 9.
1098 1300 1214 1370 dragma
1236 1295 1327 1349 habet
1364 1353 1369 1358 ,

219 1408 270 1461 pro
285 1381 420 1466 gramma.
438 1388 472 1442 In
489 1385 555 1442 edit.
572 1387 649 1459 Lips.
665 1405 727 1440 ann.
745 1391 813 1446 1515
829 1389 935 1459 integer
951 1385 996 1441 hic
1020 1405 1115 1444 versus
1132 1385 1325 1447 desideratur,

219 1474 335 1531 habetur
353 1485 443 1530 autem
460 1477 490 1530 in
505 1473 615 1531 Veneta*
627 1485 655 1528 et
669 1475 747 1548 Lips.
767 1493 827 1528 ann.
845 1485 922 1552 2494.

290 1567 334 1621 De
349 1566 431 1619 uncia
446 1573 473 1619 et
483 1563 609 1637 partibus
629 1563 702 1634 ejus,
721 1565 884 1636 epigramma
906 1573 984 1620 vetus
1004 1562 1079 1638 apud
1096 1563 1241 1617 Burmann.
1258 1561 1323 1615 An-

166 1685 168 1692 ·
220 1655 321 1730 tholog.
335 1659 385 1710 lat.
400 1655 474 1708 Liba.
493 1654 528 1711 V.
545 1657 630 1726 epigr.
647 1669 706 1727 ¹²7·
723 1661 788 1728 tcmss
800 1655 840 1706 ΙΙ.
856 1674 921 1727 pag.
936 1658 988 1717 405
1005 1651 1100 1706 cadem
1115 1652 1172 1705 iere
1187 1648 1282 1726 tradit:

319 1760 426 1824 «Uncie
443 1758 542 1831 viginti
559 1757 697 1831 scripulos
717 1768 745 1814 et
763 1767 880 1834 quatuor
898 1758 999 1824 ambit,

320 1847 493 1910 «Dimidium
511 1855 626 1901 staterae
645 1849 785 1902 semuncia
804 1848 908 1901 dicitur
926 1847 1000 1919 ejus,
1098 1840 1100 1848 ’

320 1937 428 1998 «Tema
447 1933 501 1989 duc
520 1933 658 2000 asseclae,
678 1955 729 2008 par
746 1945 790 1990 est
808 1936 956 2008 cademque
976 1933 1082 2016 duellap

320 2023 442 2098 «Quarta
460 2020 545 2077 siclus
563 2020 607 2078 vel
625 2021 767 2088 sicilicus,
784 2021 828 2078 vel
848 2023 965 2096 denique
984 2021 1069 2088 sicel,

321 2109 450 2172 «sextula
468 2118 544 2164 sexta
561 2107 634 2164 solet
652 2119 680 2165 et
696 2110 780 2166 modo
800 2110 888 2164 sescla
906 2113 1017 2178 vocari,

321 2195 628 2270 “Octavem‘edpcllant
647 2197 784 2271 dragmam
801 2199 846 2258 vel
863 2201 948 2254 rarius
968 2199 1056 2254 olccn.
1131 2237 1133 2242 .

323 2286 376 2350 “Et
395 2284 591 2340 duodenariam
608 2287 728 2341 mediam
746 2287 862 2342 sesclam
879 2290 1042 2362 vecitgggnt

320 2376 470 2448 «vigenam
488 2385 610 2451 quartam
627 2362 765 2448 scripulus
784 2394 834 2430 seu
852 2368 968 2448 gramma
986 2385 1162 2431 retentant»,

293 2481 371 2536 Vera.
388 2483 424 2538 26
440 2491 467 2536 et
483 2499 526 2554 27.
545 2481 579 2534 ln
596 2479 667 2535 Ccd.
681 2480 750 2536 Βοὴ.
766 2495 836 2538 vers.
851 2499 894 2557 ²7·
916 2491 978 2536 aute
992 2501 1062 2538 vers.
1078 2487 1120 2542 26.
1135 2481 1253 2556 legitur,
1268 2483 1316 2537 sed

221 2571 427 2623 atertiamauu
449 2585 519 2626 vers.
540 2573 583 2626 26.
602 2589 625 2621 a.
648 2578 676 2623 et
698 2589 767 2626 vers.
793 2587 836 2643 27.
860 2567 889 2623 ὴ.
909 2570 951 2624 est¹
962 2569 1124 2642 praefixum.
1141 2571 1175 2624 In
1201 2571 1271 2626 cod.
1288 2572 1313 2625 S.

222 2656 314 2711 Germ.
328 2677 397 2714 vers.
415 2661 458 2715 26.
478 2656 566 2710 deest.
586 2657 620 2710 lu
633 2656 704 2712 cod.
721 2658 817 2730 Regin.
832 2667 897 2732 post
915 2676 984 2714 vers.
1000 2675 1044 2733 27.
1059 2658 1185 2713 relictum
1201 2661 1315 2732 spatium

221 2746 303 2800 unius
321 2764 416 2818 versus
433 2765 556 2801 vacuum.
1074 2747 1075 2751 ’

293 2835 358 2891 Vox
374 2849 486 2897 nestra,
502 2833 593 2888 codd.
608 2833 677 2888 Βοὴ.
694 2854 709 2888 a
725 2853 767 2908 pr.
781 2853 820 2888 m.
836 2835 932 2908 Regin.
948 2842 975 2910 et
989 2831 1095 2888 Thuau.
1116 2832 1235 2907 Guelph.
1251 2855 1273 2892 ι.
1291 2843 1315 2887 ct

222 2938 247 2978 2.
266 2920 339 2976 Edd.
357 2921 434 2994 Lips.
452 2941 514 2974 anu.
535 2931 611 2997 2494.
631 2920 729 2976 Colcn.
745 2923 837 2976 Vinct.
862 2925 958 2976 Const.
976 2923 1007 2976 ia
1028 2942 1111 2994 marg.
1129 2923 1265 2978 Wcrnsd.
1283 2953 1315 2964 -

223 3011 287 3064 Vox
302 3030 429 3083 nanque,
447 3009 520 3064 Edd.
536 3011 634 3066 Venet.
649 3019 677 3064 et
695 3011 772 3083 Lips.
788 3029 850 3064 ann.
870 3015 946 3068 1515.
965 3040 1001 3053 -·-
1021 3013 1053 3066 V
1050 3032 1086 3064 osc
1107 3031 1209 3082 graecu
1217 3053 1228 3077 ,
1247 3010 1313 3065 cod.

190 3089 191 3096 ¹
221 3096 289 3150 Βοὴ.
304 3099 335 3150 in
352 3099 473 3170 margine
490 3118 505 3150 a
522 3117 594 3152 man.
613 3107 676 3154 tert.
700 3098 871 3172 glossematis
891 3101 985 3152 instar.
1004 3097 1077 3152 Edd.
1095 3083 1202 3154 (laesae.
1222 3101 1312 3153 Coust.

221 3185 252 3239 in
265 3193 332 3240 text.
347 3185 420 3241 Pith.
435 3187 525 3241 Rivin.
541 3186 631 3241 Burm.

175 3321 181 3334 ,
295 3275 328 3328 V
324 3295 360 3328 ox
374 3291 468 3330 nostra
484 3291 603 3330 notatur.
625 3275 683 3346 Ego
698 3297 750 3330 voa
766 3295 869 3350 graeca
886 3293 950 3328 sane
966 3273 1114 3348 legendum
1128 3275 1270 3348 conjecto,
1287 3284 1315 3328 ut

223 3360 261 3414 sit
274 3361 410 3434 singulare
423 3365 546 3436 positum
560 3384 612 3436 pro
625 3363 742 3436 plurali,
762 3361 851 3418 ethic
874 3382 971 3417 sensus
996 3364 1048 3417 sit:
1068 3383 1121 3419 vox
1142 3383 1237 3436 graeca
1256 3366 1274 3417 i.
1293 3383 1313 3418 e.

224 3468 301 3502 voces
314 3471 432 3522 graecae
455 3467 496 3508 tot
505 3457 610 3523 fomis
630 3466 776 3518 potantur,
795 3454 812 3505 i.
835 3471 858 3506 e.
881 3451 1056 3522 scribuntur3
1075 3461 1119 3506 tot
1142 3455 1216 3508 enim
1229 3451 1314 3506 literis

224 3537 315 3608 graeci
328 3547 457 3606 utuntur,
474 3559 572 3613 nempe
589 3548 707 3614 ‘quatuor
721 3550 748 3595 ct
763 3541 869 3612 viginti.
890 3542 1035 3594 Cissea.
1139 3611 1141 3614 Ι

294 3628 410 3682 Formas
425 3637 504 3684 vocat
517 3627 609 3682 literas
621 3625 760 3700 alphabeti
775 3631 878 3700 graeci,
894 3628 1013 3686 diversas
1025 3629 1112 3682 forma
1127 3637 1154 3682 ct
1168 3627 1253 3700 ligura
1266 3647 1315 3680 nu-

224 3733 299 3770 mero
310 3715 429 3771 XXIV.:
448 3718 489 3772 sic
506 3716 638 3770 eburneas
652 3715 792 3771 literarum
815 3719 914 3772 formas
944 3721 1130 3793 Quintilianus
1153 3718 1178 3770 Ι.
1203 3719 1238 3772 aia
1257 3722 1314 3770 inst.

124 3823 127 3830 ’
226 3817 295 3858 orat.
312 3805 336 3857 Ι.
352 3804 437 3884 Recte
454 3806 596 3860 Caesarius
616 3813 729 3862 notatu
754 3805 890 3881 explicat,
914 3805 1045 3862 scribitur
1059 3808 1097 3860 ita
1121 3807 1200 3861 Ouid.
1225 3807 1314 3862 Metu-

226 3893 328 3963 morpl.
346 3893 481 3948 tiballi.
500 3916 566 3950 uera.
581 3902 647 3954 522:
