2950 4810
1050 367 1135 432 :te'n

321 519 417 590 vers.
448 485 517 570 80·
570 491 575 500 “
831 488 1097 590 ¹bellerophon

641 684 646 701 .
853 699 856 706 ,
1049 629 1132 702 suis

237 825 238 829 ,
320 785 417 835 vers·
447 752 518 836 86.
942 818 945 824 .
1021 753 1096 833 lati

318 919 415 970 vers.
447 911 516 1000 92..
964 893 965 896 ’
1005 909 1094 968 tene

968 889 993 1124 i
1049 1027 1145 1103 bant

75 1260 79 1272 ‚
258 1152 305 1254 In
317 1173 406 1238 toto
417 1152 893 1258 carminedeponderibu's
907 1175 947 1236 et
957 1166 1144 1238 mensuris
1152 1150 1265 1236 nulla

168 1286 291 1402 plane
314 1286 591 1400 interpunctio
613 1282 857 1389 offenditur,
875 1286 955 1372 uisi
976 1285 1095 1398 quod
1120 1287 1164 1370 in
1180 1283 1263 1370 fine

169 1420 446 1534 inscriptionis
464 1429 515 1504 de
531 1427 770 1538 ponderibus
783 1443 985 1534 punctum
999 1419 1174 1537 simplex
1190 1422 1263 1504 ha·

169 1554 308 1644 betur.
555 1636 557 1640 Α

258 1689 307 1774 ln
326 1683 571 1774 dirimendis
591 1685 764 1772 vocibus
781 1687 987 1798 magnoin
1004 1687 1148 1774 codice
1167 1717 1266 1774 con-

168 1823 299 1926 susio,
319 1853 443 1935 saepe
462 1803 573 1905 enim
596 1819 665 1923 fit,
687 1844 734 1905 ut
749 1821 907 1934 priores
928 1822 1122 1908 vocabuli
1140 1825 1266 1906 alicu·

167 1960 232 2070 jus
254 1955 439 2066 syllabae
453 1956 521 2040 vel
536 1954 677 2039 literae
698 1985 721 2038 a
741 1955 1039 2068 posterioribus
1057 1959 1267 2070 sejunctae

169 2093 272 2194 sinc,
297 2081 517 2182 haec'mox
532 2089 753 2204 sequenti,
774 2088 843 2176 illa
861 2079 1128 2204 praecedenti
1145 2097 1267 2177 voca·
1319 2181 1321 2188 ,

129 2233 136 2266 '
168 2225 271 2310 bulo
290 2222 552 2340 adhaereant.
569 2220 655 2310 Sed
683 2223 815 2310 fateor
833 2253 982 2338 parum
1009 2225 1268 2338 bocnegotii

168 2360 382 2445 facessere.
413 2359 462 2446 In
484 2360 665 2444 carmine
686 2367 737 2442 de
752 2369 990 2467 ponderibus
1013 2386 1052 2444 et
1078 2373 1266 2446 mensuris

168 2495 241 2578 his.
260 2494 426 2584 librarii
443 2492 650 2578 erroribus
678 2522 982 2606 nonnunquam
1009 2524 1031 2576 a
1052 2523 1180 2578 manu
1199 2523 1264 2577 re·

43 2729 48 2738 ,
171 2629 344 2714 centiori
364 2625 536 2716 'medela
558 2625 678 2711 allata
709 2648 796 2732 est,
824 2629 882 2712 sic
911 2657 972 2712 ex.
994 2659 1052 2740 gr.
1081 2645 1178 2716 vers.
1206 2631 1261 2726 64

169 2763 244 2847 ubi
263 2762 436 2877 aprima
452 2790 580 2845 manu
599 2759 768 2872 legitur:

320 2905 457 3008 «hujus
474 2904 673 2980 dimidium
685 2905 830 3006 fertur
850 2925 964 2980 nam»
1005 2923 1007 2928 ·
1082 2998 1087 3006 ἡ

169 3061 339 3133 amano
353 3030 574 3116 recentiori
595 3015 917 3142 interpungilur:
939 3119 941 3125 Α

271 3231 273 3234 -
321 3175 458 3278 «bajus
476 3173 677 3250 dimidium
681 3175 1012 3276 fertsurvnamu
1105 3237 1107 3240 .
1327 3274 1328 3283 ἵ

168 3297 287 3412 quod
307 3300 352 3392 in¹
362 3299 604 3386 carminede
615 3307 735 3384 laude
744 3282 942 3386 Anastasia·
953 3326 1169 3411 nunquam
1179 3295 1261 3382 sac·

167 3457 257 3517 turn
278 3432 601 3520 observavimus.
938 3512 948 3524 ,.

256 3565 388 3675 Quod
408 3566 462 3652 ad
483 3565 881 3682 orthographiam'et
899 3564 1151 3677 singularum
1168 3563 1259 3648 lite·

166 3694 305 3785 rarum
324 3700 501 3788 formam
521 3725 562 3790 et
581 3733 676 3787 cum
695 3701 783 3786 aliis
811 3700 1145 3816 conjunctionem
1169 3699 1258 3784 atti·

67 3829 69 3834 ’
168 3860 261 3941 nec,
279 3838 382 3923 haec
403 3837 488 3924 fere
506 3837 788 3924 observamus.

122 991 129 1018 Ι
198 983 210 1030 l
