2908 4814
715 307 723 324 ι
752 269 799 336 02

682 353 866 370 m

330 431 509 508 Cocblear
518 451 720 504 extremum
736 449 804 522 est,
816 427 1014 530 seriplique
1027 430 1224 516 imitabitur
1240 436 1381 506 instar.

324 551 444 622 Attica
458 565 651 649 praeterea
669 543 844 618 discenda
859 564 916 620 est
929 544 1106 648 amphora
1121 547 1246 640 nobis,

253 665 298 739 85
326 660 539 738 Seucadus:
556 660 787 754 benefacies,
796 661 1337 758 nostraesiadjecerisurnam.

325 777 394 852 Est
407 797 464 872 et,
482 778 538 849 bis
553 775 677 850 decies
693 803 805 877 quem
820 775 966 850 conficit
983 776 1161 879 amphora
1175 801 1314 853 nostr-a
1323 817 1348 870 ,=

327 894 496 980 Culleus:
513 885 585 966 hac
598 893 714 992 major
727 894 826 969 nulla
840 912 896 968 est
913 888 1085 966 tnensura
1098 893 1268 992 liquoris.

326 1012 394 1080 Est
410 1012 518 1081 etiam
535 1011 659 1101 terris,
671 1036 766 1109 ‚quas
784 1008 923 1085 advena
936 1008 1042 1082 Nilus
1061 1006 1232 1099 inundat,

328 1124 478 1216 Artaba,
497 1126 556 1194 cui
570 1145 722 1224 superat
733 1123 850 1199 modii
867 1149 951 1226 pars
970 1122 1096 1216 tertia,
1121 1145 1207 1226 post
1224 1144 1335 1216 tres,

255 1267 304 1342 90
329 1241 495 1338 Namque
518 1237 647 1314 decem
661 1237 794 1313 modiis
816 1239 1023 1342 explebitur
1042 1240 1164 1314 artaba
1180 1241 1335 1342 triplex.

378 1468 477 1545 Illud
494 1490 686 1573 praeterea
703 1489 847 1572 veteres
856 1469 1061 1572 perhibere
1078 1491 1264 1552 memento
1274 1529 1289 1564 ,
1436 1461 1439 1544 l

330 1587 359 1659 F
361 1590 490 1660 initum
507 1584 655 1688 pondus
667 1589 784 1660 varios
802 1612 946 1661 servare
962 1585 1136 1686 liquores.
1438 1663 1439 1672 ,

331 1702 424 1776 Nam
436 1702 562 1796 librae,
573 1721 616 1774 ut
629 1719 845 1792 memorant,
856 1701 1188 1776 bessemsextarius
1199 1701 1333 1794 addet,
1438 1685 1439 1704 Χ

293 1825 296 1832 ’
332 1818 409 1892 Seu
425 1839 540 1918 puros
554 1813 695 1917 pendas
714 1815 858 1908 latices,
878 1843 946 1890 seu
962 1815 1064 1895 dona,
1073 1818 1195 1917 Lyaei.

254 1933 304 2030 95
330 1931 484 2004 Addunt
497 1933 684 2004 semissem
697 1930 811 2003 librae
825 1931 979 2006 labentis
1000 1931 1103 2021 olivi,

333 2046 584 2144 Selibramque
599 2047 725 2129 ferunt
739 2045 856 2119 mellis
873 2073 1067 2148 superesse
1083 2047 1215 2120 bilibri.

329 2163 430 2234 Haec
447 2181 568 2238 tamen
584 2159 741 2243 adsensu
753 2160 848 2244 sacili
863 2182 950 2234 sunt
970 2161 1108 2244 credita
1126 2164 1248 2239 nobis:

330 2277 498 2375 Namque
513 2301 583 2366 nec
598 2297 760 2353 errantes
772 2275 881 2354 undis
897 2275 1103 2350 labentibus
1124 2305 1263 2368 amnes,

15 2473 17 2482 ,
330 2393 366 2466 N
368 2419 412 2466 ec
421 2395 532 2466 mersi
550 2396 672 2494 puteis
689 2393 813 2466 latices
822 2412 914 2485 ,aut
929 2394 1032 2466 sonte
1047 2398 1205 2494 perenni

33 2557 42 2587 ,
239 2535 304 2582 roo
329 2511 530 2598 Manantes,
545 2533 614 2608 par
623 2507 772 2608 pondus
790 2507 946 2599 habent,
962 2533 1039 2582 non
1052 2502 1215 2608 denique
1231 2513 1325 2600 vina,

278 2683 280 2692 ,
332 2625 435 2715 Quae
454 2625 571 2722 campi
593 2642 656 2695 aut
672 2623 784 2696 colles
805 2649 969 2724 nuperve
997 2644 1059 2698 aut
1082 2644 1165 2700 ante
1184 2624 1323 2698 tulere:

107 2741 224 2848 thlssv·
257 2781 262 2797 ι
332 2736 957 2839 Quodtibimechanicapromptum
966 2759 1022 2812 est
1031 2737 1265 2842 deprendere
1277 2742 1386 2811 Musa.

166 2836 171 2848 ⁸
332 2854 491 2926 Ducitur
506 2855 665 2950 argenti,
685 2854 832 2926 tenuive
847 2877 891 2926 ex
906 2881 989 2928 aere
1011 2853 1219 2954 cylindrus,
1291 2947 1293 2952 Ι
1434 2825 1438 2902 l

254 2995 257 3004 ·
333 2969 521 3061 Quantum
537 2970 634 3041 inter
650 2965 769 3042 nodos
786 2967 919 3065 fragilis
934 2967 1110 3070 producit
1124 2967 1283 3060 arundo,
1436 3019 1438 3038 .

62 3136 68 3146 -
150 3161 153 3168 ,
242 3085 307 3160 105
336 3086 406 3158 Cui
420 3109 515 3157 cono
531 3078 847 3158 interiusmodico
864 3109 949 3185 pars
965 3085 1035 3156 ima
1051 3103 1235 3182 gravatur,

332 3200 389 3276 Ne
404 3216 502 3300 totus
520 3195 663 3290 sedeat,
686 3216 829 3272 totusve
848 3217 1062 3301 supernatet
1075 3197 1194 3274 undis.
1436 3219 1438 3273 t

334 3316 522 3411 Lineaque
538 3339 558 3383 a
572 3339 713 3386 summo
731 3313 850 3387 tenuis
870 3312 1071 3390 descendat
1085 3311 1132 3386 ad
1144 3313 1250 3388 imain

334 3431 452 3506 Ducta
462 3426 705 3530 superficiem,
721 3446 851 3527 totque
862 3415 978 3529 acqua
989 3431 1026 3503 in
1040 3431 1322 3520 srustasecatur,
1436 3407 1437 3460 ἶ

335 3547 438 3636 Quot
454 3542 596 3645 scriplis
609 3546 724 3641 gravis
742 3564 798 3616 est
813 3547 951 3642 argenti
970 3548 1108 3620 aerisve
1121 3544 1322 3645 cylindrus.
1436 3585 1437 3654 t

242 3687 307 3757 1210
332 3661 413 3736 Hoc
428 3659 607 3759 cujusque
626 3677 734 3760 potes
754 3657 901 3760 pondus
916 3679 1083 3763 spectare
1100 3659 1264 3760 liquoris.

274 3803 282 3814 ·
333 3775 426 3848 Nam
441 3777 472 3848 si
484 3777 604 3848 tenuis
619 3769 689 3848 erit
698 3829 710 3864 ,
730 3775 846 3873 major
860 3802 944 3878 pars
958 3778 1135 3874 mergitur.
1147 3775 1263 3851 unda:

334 3891 396 3966 Sin
414 3892 553 3984 gravior
568 3890 693 3991 plures
713 3886 881 3966 modulos
901 3917 1094 3993 superesse
1111 3891 1273 3980 notabis,
