2950 4810
716 265 740 332 7

628 346 812 374 μῆν’-η·

279 429 370 503 Nam
388 451 519 504 vanum
538 449 673 500 nomen
688 421 893 498 retinebant
912 426 1017 498 inrita
1031 424 1128 522 jura,
1168 453 1173 469 ·
1242 449 1245 470 ·

206 545 253 618 30
280 545 489 644 Umbraque
501 545 658 643 iustitiae
674 542 783 616 rebus
801 539 959 615 restabat
974 542 1099 614 inanis.

279 663 478 761 Paupertas
491 659 583 732 nulli
602 662 720 738 renuis
738 655 916 760 prodesse
935 658 1097 744 valebat,

281 778 383 868 Quae
399 774 493 849 solet
509 801 588 848 esse
602 773 697 846 selus
719 789 907 875 raptorum
930 789 1096 875 tempore
1123 797 1249 870 regum
1259 798 1269 860 ;

279 891 449 990 Namque
461 889 570 963 dabat
585 915 739 990 poenas,
754 909 796 962 ut
814 901 889 964 n'on
911 891 1119 991 praesentia
1137 891 1268 976 ferret,

262 1009 328 1080 ‘Et
342 1009 485 1110 stupuit
504 1031 585 1078 sese
606 1003 743 1077 damnis
759 1005 955 1102 majoribus
968 1001 1073 1094 esse,

181 1163 185 1170 ·
206 1123 252 1198 35
280 1125 397 1216 Quam
411 1121 543 1223 plenos
559 1119 690 1219 opibus
710 1119 816 1216 largis
843 1121 1083 1218 gravibusque
1099 1117 1269 1192 metallis:

280 1241 445 1340 Corpora
457 1263 560 1326 nam,
577 1233 685 1336 spolii
700 1238 730 1305 si
746 1237 850 1335 eopia
865 1235 963 1306 nulla
980 1235 1153 1324 dabatur,

279 1354 468 1426 Vexabant
478 1350 602 1426 vinclis
611 1405 623 1440 ‚
644 1351 819 1424 vexabant
833 1354 958 1453 stipite
974 1349 1079 1425 duro.

263 1527 269 1534 .
282 1465 455 1542 Cladibus
470 1467 526 1538 his
541 1464 689 1568 tandem
705 1467 794 1541 caeli
813 1495 876 1541 ror
889 1466 1019 1540 liberat
1034 1467 1179 1560 orbem,

282 1584 374 1656 Cum
383 1581 727 1674 dominum,(melius
737 1581 804 1656 sed
809 1602 951 1684 patrem
960 1580 1270 1684 dicerepossum),

208 1701 256 1786 do
280 1699 438 1772 Praebet
451 1699 696 1790 Anastasium,
716 1719 813 1772 tanta
832 1701 971 1799 pietate
989 1701 1187 1795 vigentem,

280 1817 323 1886 In
340 1814 441 1912 eujus
461 1818 532 1890 vita
548 1795 702 1889 virtutes
721 1817 903 1888 cernimus
924 1806 1068 1903 amnesi

279 1931 348 2002 Est
360 1932 495 2026 justus,
510 1934 654 2031 sapiens
662 1985 675 2020 ‚
691 1951 831 2021 castus,
850 1931 1029 2029 fortisque
1038 1984 1050 2020 ,
1065 1931 1245 2030 piusque,

278 2045 347 2117 Est
360 2045 532 2136 clemens,
551 2045 700 2138 stabilis,
716 2045 940 2136 moderatus,
955 2047 1062 2137 mitis,
1078 2041 1269 2135 honestus,

280 2159 481 2262 Et,·loquar
494 2180 535 2232 ut
550 2160 712 2236 breviter
725 2159 829 2260 quod
840 2163 958 2236 sentio
974 2157 1088 2233 corde
1102 2157 1170 2232 sub
1188 2163 1272 2252 imo,

207 2275 254 2362 45
279 2273 452 2348 Possidet
468 2274 530 2346 hia
540 2294 707 2348 veterum
722 2272 906 2374 quidquid
918 2274 1087 2348 laudatur
1104 2278 1142 2346 in
1157 2273 1251 2348 ullo:
1341 2299 1348 2312 ·
1439 2267 1440 2275 ἵ

280 2389 504 2461 Antoninum
519 2385 629 2483 hujus
647 2391 782 2490 pietas,
802 2391 978 2490 sapientia
995 2392 1159 2462 Marcum
1168 2445 1179 2479 ,

280 2497 331 2575 Et
344 2505 468 2580 mitem
487 2501 644 2581 Nervam
657 2503 1007 2606 lenissimapectora
1027 2507 1196 2595 vincunt,

280 2620 563 2718 Promeruitque
579 2619 683 2694 Titus
700 2645 776 2695 non
795 2639 934 2697 tanturn
959 2637 1083 2692 mente
1107 2618 1274 2718 benigna,

283 2736 407 2808 Gloria
426 2737 640 2830 magnanimi
661 2737 806 2833 Trajani
826 2754 987 2810 cesserat
1006 2737 1084 2825 isti3

207 2852 254 2928 50
279 2849 371 2924 Nam
393 2852 474 2948 quis
489 2867 545 2922 tot
560 2847 705 2922 domuit
722 2850 828 2922 simul
856 2876 933 2922 uno
950 2861 1285 2950 marte‘tyrannos7

280 2966 450 3066 Rupibus
463 2962 617 3038 adverso
632 2991 725 3062 quos
744 2964 847 3038 duxit
864 2966 1001 3040 Isauria
1017 2967 1091 3039 fato
1100 3021 1113 3056 ,

281 3083 383 3174 Quos
402 3080 544 3153 bonitas
565 3078 703 3153 domini
716 3079 961 3181 placidissima
982 3078 1118 3155 cedere
1136 3079 1241 3178 iussit

279 3195 473 3270 Moenibus
491 3221 536 3268 ex
550 3195 650 3274 urbis
658 3250 669 3286 ,
685 3196 803 3269 voluit
818 3211 895 3270 nee·
903 3193 1051 3269 laedere
1065 3212 1217 3297 prorsus
1230 3251 1241 3288 ,

283 3311 453 3402 Quamvis
472 3310 693 3411 supplicium
708 3308 886 3389 debentes
903 3310 1045 3385 solvere
1063 3310 1223 3386 mundo:

209 3426 255 3503 55
282 3423 358 3500 Sed
372 3452 446 3499 non
465 3423 526 3498 ille
539 3425 667 3517 Pater,
685 3429 750 3524 qui
767 3429 923 3502 sustinet
939 3428 1058 3502 omnia
1079 3424 1224 3519 dextra,

280 3543 401 3654 Atque
418 3544 498 3642 pari
511 3537 602 3612 libra
617 3540 707 3639 justi
718 3563 954 3616 monumenta
972 3561 1159 3644 repensat,

281 3655 420 3731 Adnuit
434 3648 584 3758 impune
599 3656 810 3730 sceleratam
824 3657 993 3758 linquere
1011 3677 1181 3756 gentem3

281 3771 373 3844 Nam
386 3774 489 3846 furor
503 3771 683 3847 immissus
699 3778 893 3849 commovit
905 3794 1020 3850 marte
1035 3768 1213 3864 nefando,

279 3887 328 3964 Et
344 3887 481 3964 Romae
498 3915 626 3968 eae'eos
643 3889 833 3996 rapiendas
851 3891 956 3968 traxit
976 3888 1163 3978 adamas,
1286 3906 1363 3956 eor,
