2950 4810
97 3783 106 3814 t

99 4029 107 4070 1

763 269 786 333 8

684 353 867 368 m

254 431 302 504 (io
328 425 497 502 Vindicta
511 447 554 504 ut
567 447 723 531 pereant
739 433 868 503 merita
885 431 1079 534 lucemque
1098 433 1318 533 relinquant.

329 546 463 618 Tristia
478 569 561 617 nam
579 569 704 618 rursus
720 548 908 647 cupientes
928 545 1057 624 danna
1075 549 1233 642 referre,

326 659 376 732 Et
387 657 499 732 Latiis
514 658 629 735 multo
647 662 766 758 regnis
780 663 907 763 pejora
922 666 1120 754 minantes3

326 777 507 875 Principis
525 780 646 851 invicti
663 776 748 852 felix
764 781 946 850 'exereitus
963 782 1068 852 armis
1074 833 1087 871 ,
1115 773 1116 776 ¹

327 891 584 991 Ductoresque
603 891 676 965 fide
693 919 763 964 neo
779 917 854 965 non
874 897 1008 966 virtute
1027 914 1216 996 potentes,

255 999 302 1085 65
330 1007 507 1083 Omnibus
526 1006 701 1080 adficiunt
721 1034 844 1081 caesos
862 1011 1113 1109 profugosque
1129 1013 1264 1100 ruinis,

331 1126 425 1198 Cum
440 1122 594 1195 ducibus
611 1122 758 1198 sceleris
775 1122 995 1197 ducentibus
1019 1125 1184 1228 improba
1206 1128 1316 1224 signa.

329 1239 380 1311 Ut
397 1238 480 1330 leo,
497 1242 561 1337 qui
577 1265 730 1336 regnans
746 1238 832 1313 silva
848 1239 1057 1330 dominatur
1071 1244 1109 1313 in
1126 1241 1196 1314 alta

329 1354 403 1427 Per
416 1354 553 1454 Libyae
567 1353 677 1426 saltus
685 1409 697 1447 ,
716 1357 784 1428 nisi
799 1354 930 1428 nobilis
947 1359 1000 1428 ira
1016 1355 1184 1449 lacessat,
1216 1425 1221 1436 Α

328 1469 364 1544 N
366 1494 413 1541 on
425 1488 548 1542 movet
562 1497 670 1565 arma,
687 1463 767 1542 suas
787 1471 1024 1544 stimulatnec
1038 1472 1191 1544 verbere
1203 1471 1318 1556 vires3

258 1609 304 1685 70
329 1584 377 1657 At
392 1587 421 1657 si
434 1605 659 1677 eommoveat
678 1586 831 1676 elamor,
849 1590 878 1658 si
899 1586 1003 1658 turha
1020 1612 1197 1679 coronae,

328 1701 494 1773 Infremit
505 1697 734 1774 horrendum
750 1701 876 1794 simul,
892 1721 931 1776 et
946 1699 1122 1796 distendit
1135 1701 1272 1790 hiatus,

332 1815 544 1914 Sanguineis
563 1837 739 1915 torquens
756 1815 919 1890 ardentia
932 1816 1068 1889 lumina
1084 1814 1234 1888 flammis
1243 1870 1254 1906 ,

329 1931 379 2002 Et
388 1934 467 2020 ¹ruit
486 1934 523 2003 in
541 1931 723 2022 medium,
741 1953 980 2033 prosternens
1006 1957 1102 2004 arma
1125 1934 1317 2029 virosque,

329 2045 409 2118 Nec
420 2048 472 2118 vis
487 2045 560 2119 ulla
570 2067 696 2146 potest
710 2050 870 2121 venienti
888 2049 1065 2144 obsistere
1087 2066 1229 2118 contra:

258 2160 304 2258 75
329 2159 493 2262 Impetus
507 2161 575 2237 hos
587 2165 741 2261 frangit,
760 2161 886 2262 pulsos
903 2163 972 2236 hos
988 2165 1113 2238 emetit
1129 2162 1279 2258 unguis,

330 2276 419 2351 Pars
432 2275 587 2350 lacerata
599 2273 722 2379 jacent
735 2282 873 2354 inimiei‘
889 2277 1059 2353 dentibus
1080 2279 1151 2349 oris
1159 2330 1171 2368 ‚

330 2391 405 2464 Hos
423 2412 542 2464 metus
565 2397 741 2477 exanimat
756 2413 955 2496 pereuntes
968 2392 1121 2466 vuhtere
1134 2388 1255 2464 nullo:

331 2505 479 2580 Viribus
499 2507 682 2605 Augustus
697 2512 750 2581 sio
766 2535 890 2581 saevos
903 2507 1065 2609 perculit
1081 2506 1224 2596 hostes,

331 2619 405 2692 Per
416 2609 532 2694 varids
549 2643 715 2696 sternens
731 2649 835 2696 casus
852 2650 927 2696 non
943 2620 1051 2698 fanda
1066 2623 1239 2694 furentes.

260 2739 307 2809 80
335 2735 569 2835 Graecinium
590 2756 708 2810 taceat
729 2739 866 2838 jactans
884 2739 974 2810 milii
988 2734 1322 2836 Bellerophonten,

337 2850 410 2944 Qui
426 2853 511 2922 -vicit
531 2849 715 2950 Solymos,
732 2846 775 2924 ut
789 2880 915 2924 rursus
930 2851 1026 2925 bella
1040 2869 1250 2925 moverent:

332 2965 380 3038 At
394 2965 507 3038 semel
522 2965 591 3037 lios
612 2963 779 3038 dominus
796 2987 923 3040 noster
937 2967 1103 3040 felicibus
1121 2968 1226 3037 armis

336 3081 398 3154 Sic
414 3077 573 3172 domuit,
591 3062 770 3182 postlraeo
790 3108 837 3154 ne
853 3086 998 3184 possint
1014 3107 1093 3155 esse
1109 3077 1286 3170 rebelles}

336 3188 448 3288 Quod
461 3220 532 3268 neo
554 3193 748 3269 ductorum
763 3196 933 3302 Servilius
948 3199 1107 3299 optimus
1127 3195 1232 3284 olim,
1314 3298 1316 3302 ι
1356 3209 1362 3222 ’

262 3310 310 3389 85
334 3313 408 3384 Pro
425 3314 556 3383 merito
575 3310 726 3384 laudum
744 3314 803 3384 oui
819 3339 955 3386 nomen
969 3315 1148 3384 Isauricus
1168 3309 1230 3382 illo

313 3453 316 3458 ’
336 3429 455 3499 Marte
471 3425 596 3498 datum
613 3427 751 3518 fuerat,
771 3431 893 3529 potuit
903 3448 1089 3528 praestare
1104 3427 1252 3498 Latinis.

315 3583 318 3589 ·
337 3539 421 3614 Non
434 3541 514 3615 illos
531 3569 678 3633 aurum,
698 3568 773 3616 non
792 3544 861 3635 vis,
879 3547 955 3617 non
973 3545 1078 3643 eopia
1093 3544 1202 3633 ferri,

337 3655 373 3728 N
374 3682 417 3729 ec
430 3657 575 3730 castella
593 3655 743 3756 quidem
753 3712 772 3761 ,3
785 3660 991 3760 praeruptis
1005 3655 1120 3730 ardua
1132 3659 1222 3728 saxis
1230 3711 1242 3745 ‚

339 3771 375 3844 N
377 3797 420 3844 ee
436 3791 555 3846 tantae
571 3769 698 3847 validis
712 3775 873 3846 munitae
890 3772 1082 3847 moenibus
1097 3771 1227 3860 urbes,

266 3909 315 3984 90
341 3886 502 3979 Quantas
518 3913 592 3968 non
609 3886 706 3962 ullus
721 3891 899 3964 vietorum
915 3908 1064 3990 ceperat
1079 3907 1179 3978 ante,
1230 3885 1233 3898 '
