2908 4814
746 263 815 332 lae

228 436 261 486 de
278 436 341 486 bato
356 433 431 484 nobis
446 432 553 500 pondus
569 447 678 502 quoque
689 447 772 500 saepe
786 439 914 489 notatur,
935 424 1006 480 cod.
1022 425 1118 498 Regin.
1138 427 1243 480 -Sed
1257 447 1331 498 pon-

229 524 280 576 dus
297 523 373 574 nobis
388 521 422 571 de
437 532 500 572 vato
514 539 595 589 caepe
614 529 745 579 notatur,
762 515 833 570 cod.
853 514 959 572 Thuan.

298 611 334 662 Id
340 595 448 680 pondus
456 625 553 678 nempe
561 603 727 675 cyathorum,
737 622 819 677 saepe
828 624 842 656 a
850 605 926 670 nobie
942 617 1065 667 notatur,
1074 610 1229 676 usurpatur,
1241 623 1330 676 quan-

231 697 267 750 do
284 699 317 752 de
334 698 431 758 abaco,
443 711 537 745 mensa
548 693 659 758 vinaria,
676 691 808 766 poculum
820 693 876 747 vini
889 693 1038 764 poscimus.
1053 692 1124 745 Nam
1140 691 1206 744 olim
1222 693 1329 763 cyathis

182 833 189 844 .
229 787 322 840 vinnm
329 782 521 846 metiebantur,
536 789 616 854 atque
625 779 654 834 hi
662 782 749 854 positi
757 788 833 834 erant
845 783 875 833 in
883 777 975 833 abaco.
985 782 1084 835 Horat.
1099 781 1160 834 Sat.
1178 784 1202 834 Ι.
1217 785 1244 840 6.
1262 785 1330 839 116:

428 907 624 923 ........
646 876 690 929 «εἰ
707 868 778 941 lapis
797 867 876 921 albus

430 956 547 1018 ..Pocuh
565 976 628 1011 cum
646 955 742 1027 cyatho
763 955 818 1010 duo
837 957 980 1010 sustinet.»

232 1060 260 1103 ct
274 1050 416 1103 Iuvenalis
430 1048 524 1119 Satyr.
540 1047 595 1099 III.
613 1067 681 1100 vers.
693 1055 760 1109 204:

431 1173 627 1187 ........
649 1131 769 1194 ..urceoli
787 1151 849 1196 sex,

432 1222 645 1282 «Ornamentum
663 1220 765 1274 abaci.»
898 1221 1070 1276 Wrnrsn.

232 1310 376 1382 vulgatam
382 1309 538 1374 lectionem,
548 1312 658 1364 omniuo
668 1308 846 1382 desperatam,
856 1309 996 1380 ingeniose
1005 1309 1199 1379 iuterpretatur
1208 1311 1331 1364 Werns-
1426 1311 1427 1348 l

234 1399 336 1454 doriius
348 1438 355 1461 ‚
369 1398 439 1451 cod.
453 1397 521 1452 Bob.
538 1397 636 1462 lectio,
655 1397 767 1452 anobis
784 1397 874 1461 edita,
887 1397 999 1450 omniuo
1019 1395 1127 1450 facilior
1142 1406 1170 1450 et
1189 1401 1301 1470 aptior,
1317 1419 1331 1452 e
1427 1435 1428 1460 ι

235 1489 362 1562 sequenti
375 1505 455 1539 versu
472 1486 653 1542 confirmatur.

304 1575 383 1629 Vera.
400 1581 440 1648 7⁵·
460 1577 507 1632 Bis
525 1579 643 1648 quinae,
659 1573 728 1628 cod.
744 1570 810 1626 Bob.
834 1591 848 1625 a
868 1592 910 1644 pr.
931 1590 968 1626 m.
985 1570 1058 1626 Edd.
1074 1570 1135 1627 col.
1151 1572 1209 1626 niv.
1231 1574 1331 1628 Const.

234 1665 264 1716 in
278 1681 361 1734 marg.
380 1695 416 1704 --
436 1665 491 1718 Vix
504 1668 620 1738 quinae,
636 1662 706 1718 cod.
723 1659 791 1715 Bob.
809 1678 842 1713 ex
856 1658 962 1714 emend.
979 1678 1050 1712 man.
1069 1678 1124 1714 sec.
1145 1693 1177 1703 -
1191 1663 1240 1716 Bis
1251 1669 1334 1735 quin·

235 1773 304 1826 que,
316 1750 389 1804 Edd.
404 1751 500 1803 venet.
516 1751 592 1823 Lips.
608 1751 714 1804 Caesar.
731 1750 827 1804 Const.
844 1749 873 1800 in
886 1750 963 1815 text}

306 1841 396 1902 hunc,
413 1837 491 1891 deest
506 1839 535 1890 iu
552 1837 623 1892 cod.
639 1839 668 1893 S.
684 1837 776 1892 Germ.
792 1819 866 1888 Edd.
885 1835 962 1908 Lips.
979 1854 1042 1888 ann.
1060 1840 1137 1893 1515.
1153 1834 1237 1890 Pith:

307 1931 401 1989 malis,
416 1925 486 1980 cod.
501 1925 569 1994 Bab.
588 1957 624 1970 -··
640 1929 722 1987 velie,
746 1922 837 1978 Codd.
862 1932 933 1976 teste
957 1924 1112 1978 Burmanno
1132 1925 1184 1977 Ed.
1207 1923 1279 1978 Pith.
1300 1959 1335 1970 -
1429 1979 1430 1982 ,

237 2018 336 2076 velles,
353 2013 425 2067 Edd.
442 2013 540 2067 Venet.
555 2013 632 2084 Lips.
647 2011 707 2066 Col.
725 2012 821 2064 const.
840 2013 870 2064 in
886 2031 968 2083 marg.
986 2043 1022 2056 -
1038 2026 1140 2076 tenter,
1158 2012 1210 2067 Ed.
1223 2013 1333 2067 Caesar.

238 2105 334 2157 Const.
351 2104 380 2155 in
397 2109 462 2154 tent.
481 2102 569 2154 Rivin.
585 2101 676 2154 Burm.
693 2087 827 2153 W'emsd.
1239 2085 1245 2098 ’

307 2190 414 2243 Docuit
427 2188 552 2260 Agricola
564 2187 618 2243 hoc
631 2186 841 2258 intelligendum
865 2186 899 2240 ‹le
921 2187 1045 2260 pondere
1065 2188 1128 2242 olei.
1149 2189 1253 2244 Sensus
1270 2211 1337 2264 ergo

238 2277 319 2349 hujus
334 2278 391 2330 loci
409 2278 475 2341 erit,
492 2275 618 2348 cyathum
634 2275 688 2331 olei
702 2271 824 2349 pendere
844 2297 876 2333 ιο
890 2274 1039 2330 drachmas.
1058 2278 1150 2330 Vrne
1158 2297 1183 2330 r.

310 2366 387 2421 Vera.
404 2369 444 2438 76.
468 2367 640 2439 oxybaphon
646 2367 712 2442 fiet,
728 2363 798 2418 cod.
808 2365 836 2418 S.
855 2364 947 2418 Germ.
964 2365 1036 2418 Edd.
1055 2364 1115 2419 Col.
1132 2367 1221 2419 Rivin.
1237 2399 1268 2410 -
1285 2368 1339 2420 boc

239 2461 263 2509 si
279 2456 437 2530 basonfiat,
455 2453 525 2509 cod.
538 2452 607 2508 Bob.
622 2473 690 2525 apr.
704 2473 740 2505 m.
756 2451 854 2504 sodex
871 2453 978 2506 emend.
992 2473 1062 2508 man.
1076 2462 1136 2508 tert.
1151 2458 1335 2527 “oxybaafimn

240 2577 275 2586 -
290 2547 441 2617 oxybatum
454 2549 522 2618 erit,
538 2541 609 2594 cod.
625 2540 730 2593 Thuan.
743 2573 779 2584 -
798 2543 1015 2614 oxybafuafiet,
1029 2541 1102 2596 Edd.
1119 2541 1159 2612 pl.

312 2633 349 2684 ad
365 2637 446 2693 istas,
460 2629 529 2682 Cod.
543 2628 610 2682 Bob.
624 2627 696 2682 Edd.
715 2629 812 2682 Venet.
827 2629 904 2699 Lips.
920 2629 979 2682 niv.
995 2629 1085 2682 Burm.
1099 2630 1234 2685 Wernsd.
1249 2663 1286 2676 ·-
1299 2636 1338 2686 ad

241 2725 310 2782 isra,
325 2716 417 2772 codd.
435 2715 539 2768 Thuau.
557 2717 651 2786 Regin.
669 2737 684 2768 a
697 2735 768 2769 man.
792 2735 847 2769 sec.
871 2718 908 2768 ad
928 2719 1006 2779 illas,
1024 2715 1097 2774 Edd.
1114 2717 1222 2772 Caesar.
1239 2720 1336 2772 Const.

311 2807 343 2860 si
361 2806 482 2879 quinque
500 2800 641 2858 drachmae
657 2802 693 2876 ad
708 2802 803 2859 decem
819 2803 968 2868 addantur,
987 2803 1054 2857 fient
1066 2805 1225 2878 quindecim
1242 2805 1339 2861 drach·

241 2913 313 2950 mae:
334 2900 402 2965 quot
418 2893 542 2945 continet
560 2889 672 2963 cyathus
688 2893 779 2947 semis.
799 2893 925 2946 Vrnur.

317 2982 503 3063 «ὀξύβαφον.
522 2985 556 3043 τὰ
573 2988 735 3063 δεχόμενον
749 2985 783 3043 rd
800 2983 871 3045 ὅξος
887 2989 996 3063 patior
1013 2985 1046 3043 ὑὲ
1070 2986 1105 3044 τὸ
1123 2985 1266 3062 τριβλίον
1281 2992 1337 3046 τοῦ

245 3086 433 3168 «ὀξυβάφου.
450 3088 668 3167 Ἀριστοφάνης
684 3084 815 3163 ὄρνισιν·

343 3187 520 3268 «dealbabor
539 3188 691 3250 darnestal
710 3191 847 3266 apieSov
863 3189 974 3264 λαβὼν
986 3230 996 3263 ,
1010 3187 1029 3268 ἦ
1044 3189 1215 3267 confinior.»

242 3297 344 3349 Suidas
361 3315 387 3352 ν.
406 3289 565 3370 ὀξύβαφον
582 3295 645 3348 edit.
662 3297 738 3348 nasa
753 3309 818 3348 tom.
834 3312 858 3351 2.
876 3315 942 3368 pag.
960 3311 1019 3366 702.

315 3391 392 3464 Quae
417 3390 574 3444 Priscianus
599 3387 633 3442 de
657 3387 747 3460 cyathi
762 3389 886 3461 pondere
906 3389 1049 3452 observat,
1069 3407 1100 3442 ea
1117 3408 1131 3444 e
1146 3391 1228 3445 Plinii
1247 3392 1282 3442 H.
1298 3391 1334 3445 N.

243 3478 316 3530 Libr.
329 3479 407 3533 XIII.
427 3499 487 3549 cap.
503 3484 547 3541 54.
564 3475 641 3530 loco:
663 3475 799 3548 «Cynthus
823 3477 927 3550 pendet
948 3499 998 3552 per
1022 3496 1052 3531 ae
1074 3475 1213 3532 drachmas
1233 3477 1335 3532 decem.

246 3565 333 3626 «Cum
346 3564 480 3619 acetabuli
495 3583 621 3617 mensura
636 3563 750 3629 dicitur,
773 3565 908 3636 significat
929 3564 1052 3620 heminae
1071 3574 1192 3640 quartam
1215 3575 1336 3638 partem,

247 3651 294 3715 ..id
311 3661 354 3708 est
368 3651 506 3708 drachmas
520 3652 693 3728 quindecim»
706 3662 847 3734 mutuatus
863 3653 979 3717 videtur,
998 3652 1159 3708 observante
1173 3656 1287 3708 Budaeo
1304 3657 1337 3708 dc

245 3762 321 3803 aree,
346 3742 405 3793 libr.
424 3743 514 3802 V.‚ed.
531 3745 637 3812 citfol.
656 3741 817 3795 CXXVIII.
835 3757 877 3806 ct,
896 3761 976 3816 quem
991 3739 1064 3796 vide.
1085 3743 1156 3798 Cum
1175 3739 1218 3795 his
1243 3744 1336 3796 eonse-

246 3835 362 3891 rcndum
378 3836 459 3888 etiam
467 3838 595 3910 Hesychii
610 3851 706 3894 romu.
722 3841 772 3890 cot.
790 3841 850 3895 362.
865 3839 1067 3893 testimonium:
1090 3839 1244 3898 «κυάθους
1258 3833 1338 3909 δέρε·

251 3959 318 4002 «ται
337 3937 371 3998 ὁὶ
387 3937 483 4018 ὑγροῦ
497 3958 577 3998 τινος
596 3937 720 4020 οὑγγὶαι
739 3939 811 3998 δύο»
832 3940 914 3996 idest
930 3939 1126 4004 16Drachmas.
1139 3939 1275 4014 Amphora
1290 3961 1338 3996 au-
