<?xml version="1.0" encoding="UTF-8"?>
<!DOCTYPE html PUBLIC "-//W3C//DTD XHTML 1.0 Transitional//EN"
    "http://www.w3.org/TR/xhtml1/DTD/xhtml1-transitional.dtd">
<html xmlns="http://www.w3.org/1999/xhtml" xml:lang="en" lang="en">
 <head>
  <title>
</title>
<meta http-equiv="Content-Type" content="text/html;charset=utf-8" />
  <meta name='ocr-system' content='tesseract 3.04.00' />
  <meta name='ocr-capabilities' content='ocr_page ocr_carea ocr_par ocr_line ocrx_word'/>
</head>
<body>
  <div class='ocr_page' id='page_1' title='image "./priscianigramma00prisgoog_0122.png"; bbox 0 0 2908 4814; ppageno 0'>
   <div class='ocr_carea' id='block_1_1' title="bbox 67 845 1140 1125">
    <p class='ocr_par' dir='ltr' id='par_1_1' title="bbox 67 845 1140 1125">
     <span class='ocr_line' id='line_1_1' title="bbox 67 845 1140 984; baseline 0.01 -12"><span class='ocrx_word' id='word_1_1' title='bbox 67 958 73 972; x_wconf 33' lang='lat' dir='ltr'>f</span> <span class='ocrx_word' id='word_1_2' title='bbox 178 855 183 870; x_wconf 82' lang='grc'>’</span> <span class='ocrx_word' id='word_1_3' title='bbox 225 896 464 984; x_wconf 76' lang='lat' dir='ltr'><strong>personui</strong></span> <span class='ocrx_word' id='word_1_4' title='bbox 497 901 699 980; x_wconf 74' lang='lat' dir='ltr'><strong>aarum</strong></span> <span class='ocrx_word' id='word_1_5' title='bbox 730 845 1140 983; x_wconf 69' lang='lat' dir='ltr'><strong>reposcentes</strong></span> 
     </span>
     <span class='ocr_line' id='line_1_2' title="bbox 545 1061 930 1125; baseline 0 -2"><span class='ocrx_word' id='word_1_6' title='bbox 545 1067 595 1123; x_wconf 81' lang='lat' dir='ltr'><strong>ET</strong></span> <span class='ocrx_word' id='word_1_7' title='bbox 618 1069 816 1125; x_wconf 80' lang='lat' dir='ltr'><strong>MENSURIS.</strong></span> <span class='ocrx_word' id='word_1_8' title='bbox 928 1061 930 1066; x_wconf 33' lang='grc' dir='ltr'>Ι</span> 
     </span>
    </p>
   </div>
   <div class='ocr_carea' id='block_1_2' title="bbox 181 1561 1344 2386">
    <p class='ocr_par' dir='ltr' id='par_1_2' title="bbox 234 1561 1344 1668">
     <span class='ocr_line' id='line_1_3' title="bbox 234 1561 1344 1668; baseline -0.007 -2"><span class='ocrx_word' id='word_1_9' title='bbox 234 1561 416 1668; x_wconf 76' lang='lat' dir='ltr'><strong>Pondere</strong></span> <span class='ocrx_word' id='word_1_10' title='bbox 433 1591 600 1666; x_wconf 84' lang='lat' dir='ltr'><strong>Paeoniis</strong></span> <span class='ocrx_word' id='word_1_11' title='bbox 617 1607 783 1664; x_wconf 84' lang='lat' dir='ltr'><strong>veterum</strong></span> <span class='ocrx_word' id='word_1_12' title='bbox 797 1608 995 1668; x_wconf 86' lang='lat' dir='ltr'><strong>memorata</strong></span> <span class='ocrx_word' id='word_1_13' title='bbox 1009 1590 1143 1664; x_wconf 87' lang='lat' dir='ltr'><strong>libellis</strong></span> <span class='ocrx_word' id='word_1_14' title='bbox 1228 1593 1344 1658; x_wconf 59' lang='grc' dir='ltr'><strong>Μῦν»</strong></span> 
     </span>
    </p>

    <p class='ocr_par' dir='ltr' id='par_1_3' title="bbox 229 1703 1061 1807">
     <span class='ocr_line' id='line_1_4' title="bbox 229 1703 1061 1807; baseline -0.007 -23"><span class='ocrx_word' id='word_1_15' title='bbox 229 1709 348 1784; x_wconf 82' lang='lat' dir='ltr'><strong>Nosse</strong></span> <span class='ocrx_word' id='word_1_16' title='bbox 361 1709 471 1807; x_wconf 80' lang='lat' dir='ltr'><strong>juvat</strong></span> <span class='ocrx_word' id='word_1_17' title='bbox 487 1703 638 1780; x_wconf 85' lang='lat' dir='ltr'><strong>Pondus</strong></span> <span class='ocrx_word' id='word_1_18' title='bbox 652 1705 768 1802; x_wconf 81' lang='lat' dir='ltr'><strong>rebus</strong></span> <span class='ocrx_word' id='word_1_19' title='bbox 787 1725 915 1778; x_wconf 90' lang='lat' dir='ltr'><strong>natura</strong></span> <span class='ocrx_word' id='word_1_20' title='bbox 928 1705 1061 1781; x_wconf 87' lang='lat' dir='ltr'><strong>locavit</strong></span> 
     </span>
    </p>

    <p class='ocr_par' dir='ltr' id='par_1_4' title="bbox 231 1819 1183 1926">
     <span class='ocr_line' id='line_1_5' title="bbox 231 1819 1183 1926; baseline -0.003 -29"><span class='ocrx_word' id='word_1_21' title='bbox 231 1826 448 1926; x_wconf 83' lang='lat' dir='ltr'><strong>Corporeis:</strong></span> <span class='ocrx_word' id='word_1_22' title='bbox 463 1823 643 1898; x_wconf 87' lang='lat' dir='ltr'><strong>elementa</strong></span> <span class='ocrx_word' id='word_1_23' title='bbox 659 1847 766 1892; x_wconf 90' lang='lat' dir='ltr'><strong>suum</strong></span> <span class='ocrx_word' id='word_1_24' title='bbox 781 1824 875 1920; x_wconf 87' lang='lat' dir='ltr'><strong>regit</strong></span> <span class='ocrx_word' id='word_1_25' title='bbox 892 1825 1010 1896; x_wconf 89' lang='lat' dir='ltr'><strong>omnia</strong></span> <span class='ocrx_word' id='word_1_26' title='bbox 1025 1819 1183 1923; x_wconf 89' lang='lat' dir='ltr'><strong>pondus.</strong></span> 
     </span>
    </p>

    <p class='ocr_par' dir='ltr' id='par_1_5' title="bbox 181 1937 1292 2157">
     <span class='ocr_line' id='line_1_6' title="bbox 226 1937 1292 2038; baseline -0.003 -26"><span class='ocrx_word' id='word_1_27' title='bbox 226 1937 400 2014; x_wconf 84' lang='lat' dir='ltr'><strong>Pondere</strong></span> <span class='ocrx_word' id='word_1_28' title='bbox 416 1960 513 2014; x_wconf 88' lang='lat' dir='ltr'><strong>terra</strong></span> <span class='ocrx_word' id='word_1_29' title='bbox 525 1944 665 2010; x_wconf 78' lang='lat' dir='ltr'><strong>maneti</strong></span> <span class='ocrx_word' id='word_1_30' title='bbox 674 1963 808 2015; x_wconf 83' lang='lat' dir='ltr'><strong>vacuus</strong></span> <span class='ocrx_word' id='word_1_31' title='bbox 816 1965 966 2038; x_wconf 87' lang='lat' dir='ltr'><strong>quoque</strong></span> <span class='ocrx_word' id='word_1_32' title='bbox 976 1937 1152 2036; x_wconf 91' lang='lat' dir='ltr'><strong>ponderis</strong></span> <span class='ocrx_word' id='word_1_33' title='bbox 1164 1937 1292 2012; x_wconf 83' lang='lat' dir='ltr'><strong>aether</strong></span> 
     </span>
     <span class='ocr_line' id='line_1_7' title="bbox 181 2052 1023 2157; baseline 0 -29"><span class='ocrx_word' id='word_1_34' title='bbox 181 2053 203 2142; x_wconf 82' lang='lat'><em>5</em></span> <span class='ocrx_word' id='word_1_35' title='bbox 228 2055 418 2130; x_wconf 87' lang='lat' dir='ltr'><strong>Indefessa</strong></span> <span class='ocrx_word' id='word_1_36' title='bbox 439 2060 536 2157; x_wconf 82' lang='lat' dir='ltr'><strong>rapit</strong></span> <span class='ocrx_word' id='word_1_37' title='bbox 555 2057 731 2131; x_wconf 86' lang='lat' dir='ltr'><strong>volventis</strong></span> <span class='ocrx_word' id='word_1_38' title='bbox 748 2053 869 2128; x_wconf 88' lang='lat' dir='ltr'><strong>sidera</strong></span> <span class='ocrx_word' id='word_1_39' title='bbox 884 2052 1023 2132; x_wconf 88' lang='lat' dir='ltr'><strong>mundi.</strong></span> 
     </span>
    </p>

    <p class='ocr_par' dir='ltr' id='par_1_6' title="bbox 232 2161 1234 2272">
     <span class='ocr_line' id='line_1_8' title="bbox 232 2161 1234 2272; baseline -0.003 -28"><span class='ocrx_word' id='word_1_40' title='bbox 232 2169 400 2244; x_wconf 82' lang='lat' dir='ltr'><strong>Ordiara</strong></span> <span class='ocrx_word' id='word_1_41' title='bbox 422 2174 596 2264; x_wconf 79' lang='lat' dir='ltr'><strong>minimis,</strong></span> <span class='ocrx_word' id='word_1_42' title='bbox 610 2171 802 2272; x_wconf 84' lang='lat' dir='ltr'><strong>posthaec</strong></span> <span class='ocrx_word' id='word_1_43' title='bbox 818 2172 956 2268; x_wconf 87' lang='lat' dir='ltr'><strong>majora</strong></span> <span class='ocrx_word' id='word_1_44' title='bbox 970 2190 1191 2270; x_wconf 88' lang='lat' dir='ltr'><strong>sequentur:</strong></span> <span class='ocrx_word' id='word_1_45' title='bbox 1214 2172 1216 2178; x_wconf 81' lang='grc'><strong>’</strong></span> <span class='ocrx_word' id='word_1_46' title='bbox 1232 2161 1234 2166; x_wconf 55' lang='grc'><strong>’</strong></span> 
     </span>
    </p>

    <p class='ocr_par' dir='ltr' id='par_1_7' title="bbox 221 2284 1175 2386">
     <span class='ocr_line' id='line_1_9' title="bbox 221 2284 1175 2386; baseline -0.003 -26"><span class='ocrx_word' id='word_1_47' title='bbox 221 2285 323 2360; x_wconf 69' lang='lat' dir='ltr'><strong>vNam</strong></span> <span class='ocrx_word' id='word_1_48' title='bbox 340 2287 455 2386; x_wconf 74' lang='lat' dir='ltr'><strong>majus</strong></span> <span class='ocrx_word' id='word_1_49' title='bbox 471 2285 564 2360; x_wconf 87' lang='lat' dir='ltr'><strong>nihil</strong></span> <span class='ocrx_word' id='word_1_50' title='bbox 580 2306 638 2360; x_wconf 85' lang='lat' dir='ltr'><strong>est</strong></span> <span class='ocrx_word' id='word_1_51' title='bbox 652 2284 753 2358; x_wconf 89' lang='lat' dir='ltr'><strong>aliud</strong></span> <span class='ocrx_word' id='word_1_52' title='bbox 770 2313 880 2384; x_wconf 88' lang='lat' dir='ltr'><strong>quam</strong></span> <span class='ocrx_word' id='word_1_53' title='bbox 892 2286 1006 2364; x_wconf 90' lang='lat' dir='ltr'><strong>multa</strong></span> <span class='ocrx_word' id='word_1_54' title='bbox 1023 2289 1175 2382; x_wconf 57' lang='lat' dir='ltr'><strong>minuta„</strong></span> 
     </span>
    </p>
   </div>
   <div class='ocr_carea' id='block_1_3' title="bbox 1257 1655 1324 1702">
    <p class='ocr_par' dir='ltr' id='par_1_8' title="bbox 1257 1655 1324 1702">
     <span class='ocr_line' id='line_1_10' title="bbox 1257 1655 1324 1702; baseline -0.015 0"><span class='ocrx_word' id='word_1_55' title='bbox 1257 1655 1303 1702; x_wconf 84' lang='lat' dir='ltr'><strong>eol.</strong></span> <span class='ocrx_word' id='word_1_56' title='bbox 1316 1671 1324 1701; x_wconf 92' lang='grc' dir='ltr'>ι</span> 
     </span>
    </p>
   </div>
   <div class='ocr_carea' id='block_1_4' title="bbox 92 2399 1274 4014">
    <p class='ocr_par' dir='ltr' id='par_1_9' title="bbox 158 2399 1274 2732">
     <span class='ocr_line' id='line_1_11' title="bbox 227 2399 1274 2503; baseline 0 -29"><span class='ocrx_word' id='word_1_57' title='bbox 227 2399 427 2474; x_wconf 89' lang='lat' dir='ltr'><strong>Semioboli</strong></span> <span class='ocrx_word' id='word_1_58' title='bbox 442 2399 596 2503; x_wconf 91' lang='lat' dir='ltr'><strong>duplum</strong></span> <span class='ocrx_word' id='word_1_59' title='bbox 610 2421 667 2474; x_wconf 88' lang='lat' dir='ltr'><strong>est</strong></span> <span class='ocrx_word' id='word_1_60' title='bbox 685 2400 826 2492; x_wconf 87' lang='lat' dir='ltr'><strong>obolus,</strong></span> <span class='ocrx_word' id='word_1_61' title='bbox 845 2427 957 2499; x_wconf 88' lang='lat' dir='ltr'><strong>quem</strong></span> <span class='ocrx_word' id='word_1_62' title='bbox 968 2399 1139 2501; x_wconf 71' lang='lat' dir='ltr'><strong>pondere</strong></span> <span class='ocrx_word' id='word_1_63' title='bbox 1160 2399 1274 2502; x_wconf 88' lang='lat' dir='ltr'><strong>duplo</strong></span> 
     </span>
     <span class='ocr_line' id='line_1_12' title="bbox 182 2514 1222 2618; baseline 0.001 -31"><span class='ocrx_word' id='word_1_64' title='bbox 182 2581 185 2588; x_wconf 89' lang='lat'>.</span> <span class='ocrx_word' id='word_1_65' title='bbox 229 2515 400 2592; x_wconf 84' lang='lat' dir='ltr'><strong>Gramma</strong></span> <span class='ocrx_word' id='word_1_66' title='bbox 413 2537 562 2612; x_wconf 85' lang='lat' dir='ltr'><strong>vocant,</strong></span> <span class='ocrx_word' id='word_1_67' title='bbox 588 2516 764 2618; x_wconf 87' lang='lat' dir='ltr'><strong>scriplum</strong></span> <span class='ocrx_word' id='word_1_68' title='bbox 786 2519 902 2590; x_wconf 84' lang='lat' dir='ltr'><strong>nostri</strong></span> <span class='ocrx_word' id='word_1_69' title='bbox 925 2514 1051 2589; x_wconf 85' lang='lat' dir='ltr'><strong>dixere</strong></span> <span class='ocrx_word' id='word_1_70' title='bbox 1067 2519 1222 2617; x_wconf 74' lang='lat' dir='ltr'><strong>priores.</strong></span> 
     </span>
     <span class='ocr_line' id='line_1_13' title="bbox 158 2629 1011 2732; baseline -0.004 -28"><span class='ocrx_word' id='word_1_71' title='bbox 158 2657 201 2704; x_wconf 89' lang='lat' dir='ltr'><strong>ro</strong></span> <span class='ocrx_word' id='word_1_72' title='bbox 228 2629 375 2714; x_wconf 83' lang='lat' dir='ltr'><strong>Semina</strong></span> <span class='ocrx_word' id='word_1_73' title='bbox 389 2659 451 2706; x_wconf 82' lang='lat' dir='ltr'><strong>sex</strong></span> <span class='ocrx_word' id='word_1_74' title='bbox 470 2631 529 2704; x_wconf 89' lang='lat' dir='ltr'><strong>alii</strong></span> <span class='ocrx_word' id='word_1_75' title='bbox 551 2633 690 2732; x_wconf 81' lang='lat' dir='ltr'><strong>siliquis</strong></span> <span class='ocrx_word' id='word_1_76' title='bbox 705 2631 879 2714; x_wconf 80' lang='lat' dir='ltr'><strong>latitantia</strong></span> <span class='ocrx_word' id='word_1_77' title='bbox 893 2633 1011 2708; x_wconf 85' lang='lat' dir='ltr'><strong>curvis</strong></span> 
     </span>
    </p>

    <p class='ocr_par' dir='ltr' id='par_1_10' title="bbox 225 2746 1152 2850">
     <span class='ocr_line' id='line_1_14' title="bbox 225 2746 1152 2850; baseline 0.002 -32"><span class='ocrx_word' id='word_1_78' title='bbox 225 2746 441 2835; x_wconf 84' lang='lat' dir='ltr'><strong>Attrihuunt</strong></span> <span class='ocrx_word' id='word_1_79' title='bbox 458 2747 611 2850; x_wconf 86' lang='lat' dir='ltr'><strong>scriplo,</strong></span> <span class='ocrx_word' id='word_1_80' title='bbox 632 2749 783 2822; x_wconf 85' lang='lat' dir='ltr'><strong>lentisve</strong></span> <span class='ocrx_word' id='word_1_81' title='bbox 800 2774 909 2846; x_wconf 88' lang='lat' dir='ltr'><strong>grana</strong></span> <span class='ocrx_word' id='word_1_82' title='bbox 923 2747 980 2818; x_wconf 89' lang='lat' dir='ltr'><strong>bis</strong></span> <span class='ocrx_word' id='word_1_83' title='bbox 998 2765 1103 2839; x_wconf 86' lang='lat' dir='ltr'><strong>octo,</strong></span> <span class='ocrx_word' id='word_1_84' title='bbox 1145 2841 1152 2850; x_wconf 19' lang='grc' dir='ltr'>η</span> 
     </span>
    </p>

    <p class='ocr_par' dir='ltr' id='par_1_11' title="bbox 225 2861 1219 2966">
     <span class='ocr_line' id='line_1_15' title="bbox 225 2861 1219 2966; baseline 0.001 -32"><span class='ocrx_word' id='word_1_85' title='bbox 225 2862 299 2936; x_wconf 83' lang='lat' dir='ltr'><strong>Aut</strong></span> <span class='ocrx_word' id='word_1_86' title='bbox 317 2861 480 2936; x_wconf 87' lang='lat' dir='ltr'><strong>totidem</strong></span> <span class='ocrx_word' id='word_1_87' title='bbox 496 2862 629 2966; x_wconf 82' lang='lat' dir='ltr'><strong>speltae</strong></span> <span class='ocrx_word' id='word_1_88' title='bbox 641 2881 864 2954; x_wconf 85' lang='lat' dir='ltr'><strong>numerant,</strong></span> <span class='ocrx_word' id='word_1_89' title='bbox 889 2865 1055 2936; x_wconf 88' lang='lat' dir='ltr'><strong>tristesve</strong></span> <span class='ocrx_word' id='word_1_90' title='bbox 1071 2861 1219 2966; x_wconf 89' lang='lat' dir='ltr'><strong>lupinos</strong></span> 
     </span>
    </p>

    <p class='ocr_par' dir='ltr' id='par_1_12' title="bbox 224 2975 1216 3082">
     <span class='ocr_line' id='line_1_16' title="bbox 224 2975 1216 3082; baseline -0.004 -30"><span class='ocrx_word' id='word_1_91' title='bbox 224 2980 287 3052; x_wconf 87' lang='lat' dir='ltr'><strong>Bis</strong></span> <span class='ocrx_word' id='word_1_92' title='bbox 302 2977 396 3068; x_wconf 83' lang='lat' dir='ltr'><strong>duo;&#39;</strong></span> <span class='ocrx_word' id='word_1_93' title='bbox 413 2978 483 3052; x_wconf 86' lang='lat' dir='ltr'><strong>sed</strong></span> <span class='ocrx_word' id='word_1_94' title='bbox 499 2983 529 3052; x_wconf 86' lang='lat' dir='ltr'><strong>si</strong></span> <span class='ocrx_word' id='word_1_95' title='bbox 546 3007 614 3082; x_wconf 86' lang='lat' dir='ltr'><strong>par</strong></span> <span class='ocrx_word' id='word_1_96' title='bbox 631 2980 830 3078; x_wconf 81' lang='lat' dir='ltr'><strong>generatim</strong></span> <span class='ocrx_word' id='word_1_97' title='bbox 843 2975 1058 3079; x_wconf 83' lang='lat' dir='ltr'><strong>his-pondus</strong></span> <span class='ocrx_word' id='word_1_98' title='bbox 1069 2979 1216 3068; x_wconf 90' lang='lat' dir='ltr'><strong>inesset,</strong></span> 
     </span>
    </p>

    <p class='ocr_par' dir='ltr' id='par_1_13' title="bbox 225 3090 1097 3196">
     <span class='ocr_line' id='line_1_17' title="bbox 225 3090 1097 3196; baseline -0.007 -26"><span class='ocrx_word' id='word_1_99' title='bbox 225 3095 421 3170; x_wconf 87' lang='lat' dir='ltr'><strong>Servarent</strong></span> <span class='ocrx_word' id='word_1_100' title='bbox 434 3093 564 3169; x_wconf 90' lang='lat' dir='ltr'><strong>eadem</strong></span> <span class='ocrx_word' id='word_1_101' title='bbox 577 3094 746 3172; x_wconf 72' lang='lat' dir='ltr'><strong>,diversae</strong></span> <span class='ocrx_word' id='word_1_102' title='bbox 761 3090 928 3196; x_wconf 86' lang='lat' dir='ltr'><strong>pondera</strong></span> <span class='ocrx_word' id='word_1_103' title='bbox 940 3114 1078 3190; x_wconf 82' lang='lat' dir='ltr'><strong>gentes.</strong></span> <span class='ocrx_word' id='word_1_104' title='bbox 1094 3105 1097 3110; x_wconf 84' lang='lat'>&#39;</span> 
     </span>
    </p>

    <p class='ocr_par' dir='ltr' id='par_1_14' title="bbox 154 3207 1257 3772">
     <span class='ocr_line' id='line_1_18' title="bbox 154 3207 1216 3308; baseline 0 -26"><span class='ocrx_word' id='word_1_105' title='bbox 154 3210 195 3282; x_wconf 77' lang='lat'><strong>15</strong></span> <span class='ocrx_word' id='word_1_106' title='bbox 222 3207 1216 3308; x_wconf 82' lang='lat' dir='ltr'><strong>Nuncvariant:etenimcunctahaeononfoed&#39;erecerto</strong></span> 
     </span>
     <span class='ocr_line' id='line_1_19' title="bbox 224 3323 1214 3426; baseline -0.004 -27"><span class='ocrx_word' id='word_1_107' title='bbox 224 3325 406 3416; x_wconf 82' lang='lat' dir='ltr'><strong>Naturae,</strong></span> <span class='ocrx_word' id='word_1_108' title='bbox 427 3325 495 3399; x_wconf 85' lang='lat' dir='ltr'><strong>sed</strong></span> <span class='ocrx_word' id='word_1_109' title='bbox 513 3326 595 3426; x_wconf 89' lang='lat' dir='ltr'><strong>lego</strong></span> <span class='ocrx_word' id='word_1_110' title='bbox 616 3324 737 3400; x_wconf 85' lang='lat' dir='ltr'><strong>velent</strong></span> <span class='ocrx_word' id='word_1_111' title='bbox 757 3323 1023 3425; x_wconf 79' lang='lat' dir='ltr'><strong>hominumque</strong></span> <span class='ocrx_word' id='word_1_112' title='bbox 1047 3345 1214 3425; x_wconf 64' lang='lat' dir='ltr'><strong>repertrst</strong></span> 
     </span>
     <span class='ocr_line' id='line_1_20' title="bbox 221 3435 1257 3542; baseline -0.002 -28"><span class='ocrx_word' id='word_1_113' title='bbox 221 3440 362 3541; x_wconf 88' lang='lat' dir='ltr'><strong>Scripla</strong></span> <span class='ocrx_word' id='word_1_114' title='bbox 372 3443 439 3514; x_wconf 86' lang='lat' dir='ltr'><strong>tria</strong></span> <span class='ocrx_word' id='word_1_115' title='bbox 453 3439 663 3514; x_wconf 82' lang='lat' dir='ltr'><strong>drachmam</strong></span> <span class='ocrx_word' id='word_1_116' title='bbox 677 3443 855 3533; x_wconf 86' lang='lat' dir='ltr'><strong>vocitant,</strong></span> <span class='ocrx_word' id='word_1_117' title='bbox 870 3467 945 3542; x_wconf 89' lang='lat' dir='ltr'><strong>quo</strong></span> <span class='ocrx_word' id='word_1_118' title='bbox 957 3435 1126 3542; x_wconf 88' lang='lat' dir='ltr'><strong>pondere</strong></span> <span class='ocrx_word' id='word_1_119' title='bbox 1141 3439 1257 3516; x_wconf 87' lang='lat' dir='ltr'><strong>doctis</strong></span> 
     </span>
     <span class='ocr_line' id='line_1_21' title="bbox 220 3555 1178 3656; baseline -0.001 -28"><span class='ocrx_word' id='word_1_120' title='bbox 220 3556 371 3654; x_wconf 82' lang='lat' dir='ltr'><strong>Argenti</strong></span> <span class='ocrx_word' id='word_1_121' title='bbox 386 3555 499 3630; x_wconf 86' lang='lat' dir='ltr'><strong>facilis</strong></span> <span class='ocrx_word' id='word_1_122' title='bbox 517 3561 677 3656; x_wconf 85' lang='lat' dir='ltr'><strong>signatur</strong></span> <span class='ocrx_word' id='word_1_123' title='bbox 688 3583 858 3630; x_wconf 86' lang='lat' dir='ltr'><strong>nummus</strong></span> <span class='ocrx_word' id='word_1_124' title='bbox 870 3556 1045 3646; x_wconf 85' lang='lat' dir='ltr'><strong>Athenis3</strong></span> <span class='ocrx_word' id='word_1_125' title='bbox 1175 3647 1178 3653; x_wconf 27' lang='grc' dir='ltr'>Ι</span> 
     </span>
     <span class='ocr_line' id='line_1_22' title="bbox 219 3667 1211 3772; baseline -0.002 -28"><span class='ocrx_word' id='word_1_126' title='bbox 219 3671 410 3772; x_wconf 88' lang='lat' dir='ltr'><strong>Holceque</strong></span> <span class='ocrx_word' id='word_1_127' title='bbox 426 3701 446 3745; x_wconf 88' lang='lat' dir='ltr'><strong>a</strong></span> <span class='ocrx_word' id='word_1_128' title='bbox 462 3671 634 3746; x_wconf 84' lang='lat' dir='ltr'><strong>drachma</strong></span> <span class='ocrx_word' id='word_1_129' title='bbox 650 3697 726 3748; x_wconf 90' lang='lat' dir='ltr'><strong>non</strong></span> <span class='ocrx_word' id='word_1_130' title='bbox 741 3701 802 3766; x_wconf 82' lang='lat' dir='ltr'><strong>re,</strong></span> <span class='ocrx_word' id='word_1_131' title='bbox 826 3667 894 3770; x_wconf 87' lang='lat' dir='ltr'><strong>sed</strong></span> <span class='ocrx_word' id='word_1_132' title='bbox 915 3673 1063 3770; x_wconf 82' lang='lat' dir='ltr'><strong>nomine</strong></span> <span class='ocrx_word' id='word_1_133' title='bbox 1081 3671 1211 3746; x_wconf 86' lang='lat' dir='ltr'><strong>differt.</strong></span> 
     </span>
    </p>

    <p class='ocr_par' dir='ltr' id='par_1_15' title="bbox 146 3784 1209 3888">
     <span class='ocr_line' id='line_1_23' title="bbox 146 3784 1209 3888; baseline -0.003 -26"><span class='ocrx_word' id='word_1_134' title='bbox 146 3814 202 3862; x_wconf 85' lang='lat'><strong>20.</strong></span> <span class='ocrx_word' id='word_1_135' title='bbox 219 3786 436 3860; x_wconf 87' lang='lat' dir='ltr'><strong>Drachmam</strong></span> <span class='ocrx_word' id='word_1_136' title='bbox 448 3787 478 3861; x_wconf 86' lang='lat' dir='ltr'><strong>si</strong></span> <span class='ocrx_word' id='word_1_137' title='bbox 491 3791 652 3888; x_wconf 88' lang='lat' dir='ltr'><strong>gemines</strong></span> <span class='ocrx_word' id='word_1_138' title='bbox 658 3843 682 3882; x_wconf 54' lang='lat'><strong>‚3</strong></span> <span class='ocrx_word' id='word_1_139' title='bbox 692 3785 763 3863; x_wconf 86' lang='lat' dir='ltr'><strong>erit</strong></span> <span class='ocrx_word' id='word_1_140' title='bbox 774 3792 804 3862; x_wconf 87' lang='lat' dir='ltr'><strong>is</strong></span> <span class='ocrx_word' id='word_1_141' title='bbox 811 3843 823 3880; x_wconf 88' lang='lat'><em>‚</em></span> <span class='ocrx_word' id='word_1_142' title='bbox 841 3811 952 3888; x_wconf 85' lang='lat' dir='ltr'><strong>quem</strong></span> <span class='ocrx_word' id='word_1_143' title='bbox 965 3784 1083 3864; x_wconf 78' lang='lat' dir='ltr'><strong>dicier</strong></span> <span class='ocrx_word' id='word_1_144' title='bbox 1094 3785 1209 3877; x_wconf 87' lang='lat' dir='ltr'><strong>audis,</strong></span> 
     </span>
    </p>

    <p class='ocr_par' dir='ltr' id='par_1_16' title="bbox 92 3895 1147 4014">
     <span class='ocr_line' id='line_1_24' title="bbox 92 3895 1147 4014; baseline -0.003 -34"><span class='ocrx_word' id='word_1_145' title='bbox 92 3985 101 3994; x_wconf 65' lang='grc'><strong>,</strong></span> <span class='ocrx_word' id='word_1_146' title='bbox 216 3902 403 4014; x_wconf 64' lang='grc' dir='ltr'><strong>ξίοὓὶοῑιεε</strong></span> <span class='ocrx_word' id='word_1_147' title='bbox 419 3903 612 3988; x_wconf 85' lang='lat' dir='ltr'><strong>drachmae</strong></span> <span class='ocrx_word' id='word_1_148' title='bbox 634 3904 808 4008; x_wconf 81' lang='lat' dir='ltr'><strong>scriplum</strong></span> <span class='ocrx_word' id='word_1_149' title='bbox 826 3895 855 3980; x_wconf 84' lang='lat' dir='ltr'><strong>si</strong></span> <span class='ocrx_word' id='word_1_150' title='bbox 876 3899 1066 4006; x_wconf 84' lang='lat' dir='ltr'><strong>adjecero,</strong></span> <span class='ocrx_word' id='word_1_151' title='bbox 1083 3903 1147 3978; x_wconf 83' lang='lat' dir='ltr'><strong>fiet</strong></span> 
     </span>
    </p>
   </div>
   <div class='ocr_carea' id='block_1_5' title="bbox 0 0 1458 4814">
    <p class='ocr_par' dir='ltr' id='par_1_17' title="bbox 0 0 1458 4814">
     <span class='ocr_line' id='line_1_25' title="bbox 0 0 1458 4814; baseline 0 0"><span class='ocrx_word' id='word_1_152' title='bbox 0 0 1458 4814; x_wconf 95' lang='lat' dir='ltr'><strong> </strong></span> 
     </span>
    </p>
   </div>
  </div>
 </body>
</html>
