2908 4814
210 447 629 523 Vers.r3fl.1mponeslittas,
654 459 754 503 neutra
780 459 812 502 ut
833 449 1050 520 praeponderet,
1073 451 1143 506 cod.
1165 453 1232 508 nob.

30 596 40 620 Ι
140 537 203 612 (sed
216 540 306 614 primu
327 554 423 591 munus
449 539 557 592 neultra
582 537 744 609 scripserat,
771 535 879 612 quoda
896 539 1043 592 recentiori
1061 540 1234 596 emendatum

140 630 195 703 est)
208 623 425 691 neutntmffldd·
436 623 475 699 pl.
493 653 531 670 -
547 629 697 698 inponens,
715 623 787 680 cod.
803 621 909 682 Thoen.
925 623 999 680 Eud.
1009 625 1194 703 VenetLips.
1204 659 1241 675 -

140 729 257 781 neutro,
273 711 365 769 codd.
383 710 489 767 Thuun.
505 713 535 769 S.
554 713 646 769 Germ.
662 713 737 770 Edd-
750 715 848 769 Venet.
862 713 940 788 Lips.

211 822 291 879 Vere.
315 827 377 895 139..
392 819 540 874 Submittet
554 824 583 874 in
599 837 721 893 aquam,
741 816 1042 894 senpiternam
1066 825 1095 878 in
1117 843 1239 898 aquam,
1306 859 1309 865 ·

142 907 213 965 Cod.
222 907 290 965 Bob.
307 907 359 962 Ed.
370 905 469 963 Colon.
479 937 516 952 -
530 907 695 962 Submittens
708 911 737 962 in
749 926 861 982 equam,
879 907 932 963 Ed.
944 909 1022 982 Lips.
1032 928 1094 964 suu.
1112 916 1188 970 151⁵.
1208 943 1244 957 -

141 1001 287 1055 summittis
300 1001 329 1051 irs
343 1015 464 1071 aquam,
480 993 551 1051 cod.
568 993 673 1050 Thuen.
691 1025 728 1041 -
744 1001 888 1052 summittit
899 1002 929 1054 in
939 1017 1008 1072 qua,
1021 997 1075 1052 Ed.
1092 1000 1190 1055 Venet.
1209 1029 1245 1043 -·-

143 1088 255 1141 Snmitis
270 1089 383 1159 iniqua,
399 1083 452 1138 Ed.
468 1083 546 1157 Lips.
564 1100 626 1136 unu.
644 1091 721 1160 1494.

216 1193 285 1249 quas
297 1192 382 1247 pure,
395 1171 467 1226 Cod.
481 1169 551 1226 Bob.
561 1170 634 1226 Edd.
650 1169 690 1245 pt
709 1203 745 1219 -
762 1189 847 1246 quam
858 1167 949 1246 pnr'n,
968 1173 1039 1229 cod.
1055 1173 1244 1231 Thumssdd.

148 1261 243 1318 venet.
260 1261 340 1335 Lips.
358 1257 458 1315 Goion.

215 1363 247 1405 ut
263 1353 382 1423 ceperit,
398 1347 470 1404 eod.
489 1345 558 1403 Bob.
574 1345 647 1402 Edd.
666 1344 706 1422 pl.
723 1377 761 1394 -
778 1362 828 1404 out
840 1352 959 1422 ceperit,
976 1347 1029 1403 Ed.
1046 1349 1145 1408 colon.

214 1455 296 1510 Vere.
317 1463 377 1522 uto.
394 1475 477 1528 pars,
491 1451 570 1508 deest
584 1453 614 1508 iu
628 1452 699 1510 Cod.
717 1453 786 1510 Boh.
803 1474 819 1509 e
834 1474 877 1529 pr.
893 1474 928 1509 m.
943 1453 995 1510 sed
1010 1475 1025 1510 u
1040 1463 1102 1510 tert.
1111 1457 1247 1514 additum.
1290 1476 1294 1488 ¹

218 1561 297 1617 Vens.
317 1568 377 1630 πάι.
395 1563 535 1624 Densius,
547 1559 700 1634 cedreno.
714 1558 788 1616 Edd.
806 1559 847 1636 pl.
864 1592 901 1606 -
917 1563 1042 1626 Peneius,
1056 1560 1129 1616 Ede
1148 1563 1247 1618 Venet.

150 1651 228 1725 Lips.
248 1649 357 1704 Caesar.
1246 1675 1248 1678 ·

217 1755 271 1810 Hie
290 1753 423 1830 produn
442 1751 604 1828 exemplaria
620 1756 649 1810 Ρ
660 1771 711 1828 pro
729 1755 760 1810 D
773 1753 893 1822 hebent,
911 1763 940 1811 et
962 1758 1078 1812 Peneius
1101 1763 1157 1832 pro¹
1172 1731 1253 1812 iten-¹

148 1851 213 1904 einr.
226 1845 300 1900 Sunt
314 1852 405 1898 sutem
416 1840 483 1898 hoec
498 1843 586 1916 mugit
605 1844 688 1900 etism
711 1851 840 1918 corrupte
863 1843 938 1918 apud
953 1841 1105 1902 Palladium
1124 1847 1155 1901 in
1175 1843 1249 1901 libro

153 1934 188 1988 de
202 1930 401 1988 Architecture.
419 1930 538 1987 Vtrsr.

221 2022 343 2078 Omnino
359 2017 585 2076 rescribendum
601 2022 711 2074 demine
727 2021 780 2076 isco
794 2041 914 2095 nemque
932 2035 989 2085 eet,
1010 2023 1030 2074 i.
1048 2040 1072 2075 e.
1088 2027 1201 2096 graviter
1215 2022 1251 2076 sd

151 2114 273 2190 pondus,
289 2110 490 2190 ἆσσίρῤσπσσε
508 2132 571 2168 num
585 2119 695 2188 peneiue
709 2123 759 2183 est,
778 2114 854 2188 quod
868 2117 994 2172 nestimio
1010 2133 1067 2170 non
1079 2116 1158 2172 tenue
1173 2135 1252 2190 prae·

152 2215 232 2273 estet.
250 2215 321 2271 Inde
330 2216 366 2271 de
378 2234 408 2271 re
423 2217 497 2290 gavi
511 2201 691 2290 ponderando
698 2215 798 2271 Graeci
813 2216 945 2272 diccbeut
957 2221 1079 2294 ppucoii
1096 2217 1253 2279 coeteras·
1300 2231 1305 2252 ¹

150 2323 264 2397 presan
283 2329 312 2374 et
330 2317 542 2392 ἀντερυσαθαι.
564 2316 723 2391 Theognis:

257 2417 383 2485 «neoris
396 2419 472 2496 ἀνὴρ
481 2423 637 2495 φρυσοῦτε
650 2421 705 2479 nui
722 2413 857 2501 ἆργύρου
875 2415 1118 2495 ἀντερύσασθαι,

257 2519 362 2586 «ἄξιος
377 2520 412 2581 ἐν
424 2522 571 2597 poturi),
585 2522 707 2599 Κύρνε,
721 2521 925 2602 διχοστασίῃ.»
949 2525 1025 2580 Kru
1036 2543 1127 2580 curn
1146 2527 1184 2582 od
1202 2529 1252 2582 Se·

155 2639 212 2676 ren·
230 2621 345 2676 Samon·
359 2639 420 2691 cap.
433 2618 499 2675 XV.
515 2637 583 2674 verr.
600 2633 662 2691 271.
687 2683 689 2688 y

94 2787 99 2794 ¹
228 2721 566 2790 Ridicule-Kenchenius‚
585 2725 663 2798 quusi
686 2726 792 2803 primus
811 2721 865 2780 hoc
889 2709 1094 2798 prodidisset,
1109 2727 1254 2785 emendare

157 2832 188 2868 se
203 2814 242 2866 uit
256 2815 395 2868 Denriure
413 2827 448 2864 un
469 2829 534 2884 ergo
557 2811 646 2866 nuilus
661 2812 818 2877 editiones,
832 2814 862 2866 in
879 2811 980 2886 quibus
996 2814 1035 2868 its
1050 2814 1100 2870 diu
1115 2828 1178 2870 unte
1193 2835 1256 2870 euru

157 2909 253 2957 netum
269 2901 324 2972 jum
337 2898 494 2972 legebatur,
512 2899 604 2956 vidit?
622 2900 801 2954 Bonnense.

237 2987 333 3044 Nolim
352 3006 403 3060 ego
429 3005 576 3060 spernere,
602 2988 678 3064 qnod
700 2991 869 3064 antiquiores
891 2988 964 3044 Edd.
990 2986 1108 3054 hubent,
1133 2991 1254 3045 Peneius.

160 3079 333 3153 Quemquam
356 3075 410 3130 hoc
427 3073 462 3129 de
481 3077 671 3131 aestimatione
686 3078 790 3142 enimi,
808 3077 866 3132 sive
888 3076 923 3132 de
945 3095 993 3142 eo,
1021 3076 1097 3150 quod
1116 3079 1255 3142 uestimic,

158 3184 217 3222 non
232 3165 329 3230 lance,
346 3163 498 3238 proevalet,
516 3165 644 3223 usitatius
669 3163 786 3230 dicitur,
810 3162 886 3226 idem
906 3158 1035 3218 tamena
1059 3183 1158 3229 sensu,
1184 3185 1255 3238 quc,

161 3252 238 3326 quod
254 3251 439 3324 ponderosius
455 3261 513 3318 est,
530 3261 624 3318 notat,
641 3271 699 3310 non
711 3251 913 3308 excludendum
929 3261 980 3307 est.
999 3249 1103 3312 Probet
1117 3255 1256 3326 composi-

161 3351 221 3394 tum
236 3345 413 3414 propensior,
432 3341 509 3415 quod
520 3343 591 3396 infru
604 3359 676 3397 vers.
691 3349 759 3406 250,
777 3341 854 3396 idem
869 3347 913 3396 est
929 3359 961 3395 uc
976 3340 1214 3414 praeponderans,
1228 3350 1256 3393 et

162 3427 289 3484 similiter
305 3431 444 3492 Ciceroni,
464 3431 603 3484 Paradox.
619 3432 695 3484 111..·
716 3431 822 3491 «Causa
836 3426 919 3494 haec,
944 3446 1000 3483 non
1018 3436 1129 3492 ustura,
1155 3427 1255 3483 distin-

164 3516 256 3588 «.guit,
275 3535 344 3591 quse
360 3517 470 3590 quaudo
489 3525 551 3572 utro
575 3520 710 3583 necessit,
728 3516 760 3572 id
775 3517 807 3572 fit
826 3518 1009 3591 propensius,
1027 3519 1052 3572 si
1072 3523 1189 3592 utroque
1207 3517 1255 3570 ud·
1374 3565 1376 3569 .

165 3603 272 3680 «juncte
289 3605 343 3668 sit,
361 3607 436 3678 peria
451 3607 517 3660 fiunt
528 3624 642 3661 necesse
659 3614 726 3661 esta·
747 3607 917 3661 Wrnrsn.

233 3695 314 3758 strunt
328 3702 392 3748 utre
404 3699 521 3749 crantor
534 3697 626 3758 unda,
644 3689 714 3750 cot.
734 3693 801 3748 Boh.
827 3695 877 3748 scd
893 3697 1010 3748 crassior
1033 3710 1066 3746 ex
1090 3693 1196 3748 emend.
1218 3711 1253 3746 m.

164 3787 226 3834 tert.
240 3800 256 3832 u
271 3782 359 3852 primu
376 3780 475 3836 hehet:
490 3788 635 3857 «gratetur.
653 3813 689 3828 ι-
706 3786 835 3837 circulare
849 3787 975 3843 orossius,
989 3780 1254 3854 Edd.Veuet.Lips.

166 3899 200 3912 ··-
217 3871 341 3924 sonulani
353 3875 490 3943 gressior,
509 3870 580 3926 cod.
597 3872 692 3942 Regin.
712 3901 747 3912 -
763 3873 878 3926 similari
898 3883 926 3923 et
937 3872 1053 3924 crassior
1058 3909 1069 3933 ,
1086 3867 1138 3922 Ed.
1157 3867 1253 3922 Const.

165 3987 200 3999 --
218 3961 332 4016 σὺηίὶανί
350 3963 482 4022 cranius,
499 3959 571 4014 Edd-
588 3960 681 4014 Vinet.
700 3956 771 4012 Pith.
790 3983 827 4004 -··
843 3961 967 4014 simulari
989 3971 1016 4012 et
1029 3961 1162 4018 oraretur,
1181 3954 1252 4010 Ede.
