2908 4814
591 287 763 390 Q

127 463 200 520 stet,
218 455 293 508 unde
317 465 394 529 potet
414 464 530 530 quotuor
547 441 668 510 heminas
687 452 813 527 μοίνινια
831 471 953 527 aequare.
981 445 1062 524 Apud
1084 451 1225 506 Pollucem

123 557 146 610 l·
166 577 189 611 o.
213 557 334 634 κοτύλη
359 559 394 616 τὸ
411 556 554 634 τέταρτον
574 559 628 634 τὴν
648 557 806 630 patrinos,
828 577 879 630 pro
902 555 937 614 τὸ
956 555 1059 632 τρίτον
1076 553 1224 627 legendum

126 671 207 717 esse,
227 654 262 707 nd
279 674 348 711 vers.
366 659 409 714 68.
425 656 589 708 monuimus.

198 743 276 797 νοτε.
295 765 336 816 7⁰·
356 746 443 808 dans,
461 745 603 808 -duos,
621 741 712 796 Codd.
728 739 800 794 Edd.

198 833 264 894 chus
278 834 337 905 fit,
361 832 432 886 Edd.
455 865 491 876 -
512 833 594 908 liujus
613 833 664 904 fit,
688 829 758 886 cod.
774 827 842 883 Bob.
856 848 880 882 «a
894 847 936 900 pr.
952 848 987 881 m.
1003 828 1054 883 sed
1068 847 1100 882 ex
1116 826 1222 880 emend:

120 927 189 974 tert.
209 929 311 992 recept.

91 1017 101 1022 “
197 1015 288 1072 Χοῦς
306 1016 433 1080 Graecis,
453 1017 553 1069 Romae
568 1013 650 1085 vulgo
667 1014 781 1086 congius
800 1009 988 1067 dicebatur.ss
999 1029 1153 1066 uenena.

196 1118 240 1172 Ad
255 1127 370 1192 quatuor
386 1119 536 1182 sextarios,
555 1118 603 1190 qui
617 1116 743 1190 μοὶνινια
761 1117 882 1181 faciunt,
901 1115 972 1170 udde
991 1115 1061 1170 duos
1081 1114 1223 1178 sextarios,

118 1221 191 1276 fient
209 1241 255 1275 sex
272 1197 399 1286 sextarii,
419 1221 466 1294 qui
480 1219 559 1291 μόνα
577 1219 724 1294 complent.
744 1221 868 1274 νιττττ.

195 1307 254 1362 Imo
275 1328 338 1363 vero
363 1307 397 1360 ed
412 1305 538 1378 μοὶνινεα
556 1330 592 1358 -..-.
608 1308 746 1372 4Ηοοιίιι.
765 1329 801 1358 =
819 1323 835 1362 2
856 1306 931 1360 Sext.
950 1303 1030 1357 Adde
1055 1303 1226 1376 νμοίνιηες
1312 1325 1323 1339 ·

116 1434 157 1462 z:
174 1420 190 1475 4
208 1411 283 1466 Sext.
307 1420 334 1463 et
355 1410 491 1480 Congium
508 1407 665 1481 explebunt.
685 1406 839 1481 Hesychius
862 1407 952 1461 tribus
968 1408 998 1459 in
1014 1404 1085 1460 locis
1100 1410 1179 1478 μοοῦ
1200 1415 1227 1458 et

118 1509 253 1588 ἡμὶμόου
271 1513 404 1577 meminit,
417 1520 483 1566 tom.
500 1511 802 1592 2.col.1562.inquit:
825 1515 924 1582 «μοῦς.
937 1504 1222 1583 μέτρονντοτυλῶν»

115 1627 190 1670 tom.
208 1636 231 1671 ι.
250 1614 303 1668 οοΙ.
323 1618 407 1672 ιόὄὸτ
430 1609 583 1689 «viniacus.
600 1611 709 1687 μέτρον
722 1612 869 1690 μεδίμνου
887 1608 1049 1683 τέταρτον»
1069 1618 1097 1663 et
1118 1619 1185 1663 tom.
1201 1631 1225 1667 1.

118 1717 177 1772 col.
197 1723 282 1794 1633:
305 1713 559 1792 «ἡμιὸωὸένιοτον.
574 1715 608 1774 τὸ
627 1712 785 1792 ἡμῖμουν.»
805 1717 927 1789 Appecet
942 1715 1107 1786 scripturam
1116 1710 1142 1764 h.
1150 1710 1168 1764 1.
1181 1732 1224 1765 es-

118 1841 153 1874 so
173 1822 239 1875 setis
258 1828 429 1891 corruptam,
447 1821 488 1874 sic
500 1828 590 1872 eutem
609 1817 823 1872 emendandam:
846 1821 937 1892 «μοῦς
949 1813 1060 1894 μέτρον
1075 1817 1224 1872 κοτυλῶν

116 1906 168 2001 :E
183 1959 227 1974 --
240 1923 366 2002 ἡμίμους
380 1922 491 2001 μέτρον
496 1926 642 2002 μεδίμνου
652 1907 719 1984 ἦ.»
742 1924 817 1980 Chus
832 1927 905 1980 enim
918 1925 1042 1980 continet
1056 1921 1159 1994 cotyles
1180 1941 1221 1988 ιν,

118 2041 181 2077 non
195 2030 257 2076 octo
274 2021 503 2094 quemadmodum
511 2021 611 2076 Suidas
627 2031 654 2074 et
667 2020 858 2094 Aristophanis
867 2019 1035 2076 scholiastes
1050 2018 1155 2082 volunt,
1170 2037 1221 2070 un·
1259 2038 1262 2045 ’

119 2111 159 2164 de
178 2112 203 2164 si
214 2103 236 2183 ᾖ
253 2109 328 2164 Chus
342 2135 377 2162 =
393 2114 410 2168 6
428 2110 519 2181 Cotyl.
542 2103 627 2189 :fg
648 2110 782 2165 Medium.
805 2119 855 2174 144
876 2107 967 2180 Cotyl.
990 2130 1026 2158 =
1044 2128 1057 2163 1
1076 2107 1226 2171 Medimn.,

118 2219 193 2274 quae
210 2217 301 2253 revere
316 2217 372 2252 non
389 2197 502 2272 quidem
513 2199 682 2251 medimnum
697 2197 776 2251 illum
792 2200 914 2261 atticum,
922 2199 970 2271 qui
985 2195 1226 2260 fiModios,seu16
1276 2219 1282 2226 ’

119 2287 201 2341 Chus
212 2286 375 2360 aequet,sed
390 2294 532 2340 metretam
541 2305 671 2356 graecam,
682 2275 749 2358 quae
758 2293 792 2359 4ss
801 2284 936 2338 Modium'
945 2304 994 2338 seu
1004 2303 1035 2342 ιν
1045 2283 1120 2337 chus
1138 2283 1226 2338 conti·

118 2391 180 2446 net,
188 2381 306 2454 explent.
316 2381 380 2436 vid.
390 2379 425 2434 ed
433 2399 501 2435 vers.
512 2386 554 2440 85.
565 2377 795 2456 ἡμιὸωὸένεατον
813 2382 999 2436 autemsuntss
1010 2378 1101 2450 Cotyl.
1112 2377 1221 2448 echas.
1264 2421 1267 2426 .

199 2477 277 2532 νοτε.
298 2499 340 2552 71.
354 2478 383 2528 Ε
394 2497 460 2549 quo,
475 2476 565 2531 Codd.
576 2473 799 2550 Guelph:1·et2.
815 2474 890 2528 Edit.
906 2471 977 2526 Pith.
991 2505 1027 2514 -
1041 2494 1141 2546 aequo,
1152 2473 1222 2526 cod.

118 2565 193 2634 Bob.
211 2586 226 2618 e
240 2585 282 2637 pr.
299 2584 336 2622 m.
352 2563 402 2618 sed
421 2584 453 2617 ex
468 2565 574 2618 emend.
590 2574 651 2618 tert.
668 2587 701 2618 ex
714 2585 776 2638 quo.
790 2595 827 2607 —
837 2565 865 2616 A
883 2583 957 2637 qao,
971 2560 1045 2615 Edd.
1063 2560 1102 2634 pl.

196 2653 301 2707 Eadem
317 2653 460 2707 diversitas
474 2653 549 2725 apud
568 2655 693 2708 Ovidium
705 2655 781 2706 Fast.
796 2653 849 2708 IV.
866 2655 890 2710 Β.
916 2650 966 2705 ubi
987 2648 1068 2714 vide,
1084 2658 1112 2702 et
1125 2649 1219 2704 Amor.

120 2747 146 2797 Ι.
168 2747 193 2800 e.
209 2749 234 2798 ὅ.
252 2740 434 2795 Bouianum.
1208 2728 1228 2772 ·'

196 2829 275 2884 Vere.
295 2847 336 2904 72.
357 2835 465 2901 capiat,
479 2827 552 2887 Edd.
570 2847 642 2884 omn.
658 2859 695 2872 -
710 2833 825 2900 recipit,
843 2826 912 2881 Cod.
930 2825 998 2880 Bob.

198 2918 268 2978 «Sex
283 2920 394 2971 sextarii
408 2919 521 2988 congius
535 2919 588 2970 siet
602 2917 667 2972 vini.
684 2917 749 2970 Duo
767 2916 801 2970 de
819 2917 1015 2990 quinquaginta
1033 2913 1143 2968 sextarii
1156 2933 1222 2986 quu-

121 3005 250 3068 ..dmoni
263 3007 317 3059 sict
329 3007 411 3060 vini.»
431 3009 612 3061 Plebiecitium
626 3020 701 3060 uetus
714 3005 788 3078 opud
797 3005 908 3058 Festum
923 3023 949 3059 v.
965 3006 1076 3078 publica
1088 3003 1222 3076 pondera,

124 3093 195 3148 odit.
210 3096 256 3148 cit.
272 3115 333 3167 pag.
350 3102 412 3170 392.

196 3181 275 3236 νοτε.
293 3190 333 3256 73..
356 3186 470 3256 Cotyie,
482 3182 555 3236 Edd.
573 3215 609 3226 -
624 3183 744 3256 Cotyla,
758 3180 828 3236 Cod.
847 3181 876 3236 S.
892 3181 984 3236 Germ.
1004 3179 1099 3251 Regin.
1116 3209 1148 3222 -
1169 3179 1221 3230 Co-

121 3273 214 3344 tylae,
232 3270 303 3330 eod.
321 3270 426 3326 Thoen.
442 3267 479 3314 ²-
495 3276 618 3335 ootilem,
635 3270 705 3326 cod.
721 3269 792 3334 Bob,
811 3268 863 3323 sed·
878 3291 903 3322 m
921 3290 936 3322 a
953 3288 1007 3323 sec.
1025 3287 1095 3321 men.
1109 3267 1221 3340 punctis

124 3369 245 3415 notetur.
265 3371 267 3378 ’
1069 3360 1073 3365 ’

103 3521 104 3526 1
194 3448 322 3520 cyathos,
339 3445 411 3500 Edd.
429 3482 464 3493 -
480 3461 593 3521 cyatos,
611 3447 679 3500 Cod.
695 3446 762 3502 Bob.
781 3468 796 3500 e
812 3466 853 3519 pr.
870 3465 904 3500 m.
929 3444 980 3498 sed
996 3465 1028 3498 ex
1042 3442 1148 3497 emend.
1163 3461 1218 3496 sec.

121 3538 251 3608 chyatos,
272 3537 312 3588 sic
332 3555 395 3590 mox
419 3555 488 3593 vers.
511 3555 567 3610 seq.
585 3537 698 3610 chyacoe
719 3535 830 3610 abipsa
852 3537 938 3608 prima
955 3523 1035 3586 manu
1052 3533 1115 3587 infr.
1134 3553 1157 3587 ν.
1175 3554 1216 3606 77·
1266 3519 1267 3522 ν

123 3629 204 3698 oyaoi
216 3633 244 3678 et
258 3643 282 3680 v-
300 3629 342 3682 80·
361 3626 483 3696 cyathm.

194 3715 251 3777 bis,
264 3711 336 3765 Edd.
352 3745 388 3754 -
402 3718 464 3777 vix„
482 3711 551 3766 Cod.
569 3711 636 3764 Bob.
653 3733 667 3766 e
683 3733 726 3785 pr.
741 3733 776 3766 m.
796 3706 847 3765 sed
866 3730 898 3764 cx
914 3709 1021 3762 emend.
1044 3719 1099 3764 sec.¹
1113 3715 1215 3778 recept.

191 3802 269 3855 Vens.
286 3809 327 3874 74.
345 3802 401 3854 Sed
418 3803 517 3872 cyatho
540 3801 616 3854 nobis
637 3803 744 3872 pondus
769 3821 878 3876 quoque
900 3819 981 3863 saepe
995 3813 1108 3852 notatur
1115 3837 1125 3860 ,
1145 3793 1217 3848 Cod.

121 3889 188 3942 Bob.
201 3891 249 3943 sed
264 3889 370 3962 chyato.
386 3891 491 3942 -Sed
509 3892 542 3942 de
556 3891 641 3944 abaco
659 3891 734 3944 nobis
749 3893 777 3942 td
789 3890 897 3961 pondus
910 3907 991 3958 saepe
1007 3901 1129 3948 notatur,
1139 3881 1212 3936 Edd.

122 4009 158 4020 -
170 3981 224 4032 Sed
239 3980 272 4036 de
289 3981 352 4031 bato
370 3979 445 4030 uobis
461 3979 490 4046 td
503 3979 610 4049 pondus
629 3997 711 4050 saepe
727 3991 850 4040 notatur,
869 3975 939 4036 Cod.
959 3977 987 4032 S.
1005 3975 1096 4031 Germ.
1114 4003 1148 4014 -
1163 3970 1219 4025 Sed
