2950 4810
745 286 791 354 48

231 441 412 514 «rabsflnimo
427 454 516 500 autem
532 445 704 500 tristitiarum
715 448 828 499 istarum
841 463 951 500 memor.
971 447 1094 502 Piscator
1109 450 1177 502 mari
1193 457 1249 504 rete
1264 451 1317 504 im-

232 535 381 600 mittebat,
394 535 522 607 praedam
537 532 633 589 tollere
649 533 816 598 desiderans,
825 534 901 604 cujus
910 533 956 588 alii
970 537 1119 609 participes
1135 537 1221 590 futuri
1231 546 1318 601 erant,

231 634 380 688 «mercator
394 632 491 685 autem,
500 631 564 694 post
580 631 756 694 tempestates
771 632 798 674 et
812 620 935 694 pericula
946 625 1088 687 maritima,
1106 625 1151 675 vix
1164 634 1234 678 terra
1248 643 1317 678 con-

230 733 342 775 «scensa
360 711 466 764 et‘urbe
485 720 645 782 conspecta,
664 728 719 763 non
736 711 817 780 gratis
835 708 888 763 hoc
910 710 1043 782 adspectu
1067 712 1120 764 frui
1137 712 1316 783 permitteba-

231 814 299 863 «tur.
319 801 376 856 Sed
389 800 456 873 quid
472 800 555 851 refert
571 798 604 851 de
622 797 734 871 reliquis
751 798 859 862 dicere,
877 799 902 852 si
928 817 979 852 uec
1000 798 1128 852 mulieres
1142 798 1268 872 quidem,
1286 802 1316 852 in

231 889 421 976 «lupanaribus
437 885 570 958 probrum
580 888 764 940 necessarium
779 889 889 940 sortitae
907 889 1007 952 vitam,
1025 887 1111 942 libere
1134 889 1244 940 sinistra
1258 889 1315 941 ior·

231 990 312 1041 «tuna
321 979 374 1032 frui
389 973 630 1048 permittebantur,
649 974 700 1028 sed
713 973 835 1028 venalem
849 974 986 1029 faciebant
1004 977 1128 1048 corporis
1141 977 1316 1049 prostitutio-

231 1087 324 1132 «nem,
344 1075 371 1118 et
395 1064 500 1136 sobriae
521 1064 591 1116 vitae
608 1064 757 1135 praemium
777 1061 970 1133 abjiciebatur,
990 1073 1017 1116 et
1040 1073 1072 1116 ut
1092 1083 1152 1128 rem
1173 1063 1257 1120 verbo
1274 1063 1317 1117 di-

231 1173 321 1219 «cam,
342 1172 356 1205 e
371 1152 509 1221 communi
522 1149 672 1203 calamitate
686 1152 857 1224 imperatoris
872 1149 1013 1204 thesaurus
1025 1149 1197 1223 implebatur.
1212 1152 1317 1204 Horum

232 1244 352 1316 ,priores
370 1234 479 1313 quidam
494 1240 687 1310 imperatores,
714 1242 760 1312 qui
784 1238 896 1310 benigni
918 1239 1096 1303 videbantur,
1113 1241 1220 1292 miserti
1235 1249 1317 1302 sunt,

232 1330 380 1392 «medelam
396 1346 458 1382 vero
482 1325 585 1378 adferre
605 1345 661 1380 non
685 1336 828 1401 poterant,
856 1326 1000 1381 voluerunt
1014 1326 1118 1392 solum,
1138 1335 1166 1379 et
1184 1324 1269 1381 vulin
1284 1347 1317 1380 eo

198 1435 199 1438 ’
232 1421 374 1480 «virtutem
389 1414 523 1490 quandam
538 1414 734 1479 ostenderunt,
752 1417 781 1467 in
795 1433 864 1486 opus
878 1424 967 1467 autern
986 1415 1017 1468 id
1038 1416 1107 1468 ferre
1122 1423 1251 1488 tanquam
1265 1417 1318 1466 im-

232 1503 380 1578 «possibile
397 1503 464 1576 quid
479 1503 702 1558 considerabant·
716 1502 870 1576 Oportebat
882 1503 955 1554 enim
976 1511 1004 1565 et
1026 1501 1079 1555 boc
1100 1501 1153 1554 tibi
1172 1504 1318 1569 asservari3

231 1604 278 1655 «nt
289 1615 303 1646 a
315 1603 342 1647 te
356 1591 437 1646 simul
450 1610 512 1644 cum
526 1590 638 1664 reliquis
651 1593 679 1643 in
696 1609 766 1662 opus
783 1590 981 1654 deduceretur,
998 1608 1033 1642 ne
1051 1589 1158 1644 scilicet
1173 1599 1249 1642 tauta
1263 1591 1319 1643 vir-

231 1693 292 1744 «tus
305 1681 415 1748 lateret;
436 1681 460 1732 si
478 1679 620 1754 deessent,
640 1678 739 1752 quibam
764 1697 793 1731 se
812 1677 1017 1752 pro'dignitate
1032 1679 1226 1731 manifestaret.
1245 1679 1319 1730 Hinc

231 1773 335 1832 «omnis
352 1767 461 1824 sordidi
473 1766 544 1820 lucri
557 1768 748 1837 cogitationem
766 1765 931 1838 despiciens,
950 1774 977 1817 et
994 1765 1120 1818 damnum
1132 1767 1244 1817 miratus
1260 1764 1321 1822 lau-

231 1858 356 1922 «datum3
375 1849 501 1917 voluisti,
520 1856 655 1917 annuisti,
676 1863 703 1914 et
718 1873 760 1906 res
779 1851 905 1906 effectum
919 1854 1015 1906 sortita
1030 1861 1079 1905 est.
1099 1852 1156 1907 Sed
1169 1871 1225 1906 non
1239 1871 1323 1905 eous-

231 1965 299 2020 «que
316 1954 421 1998 tantum
433 1941 615 1995 beneficentia
631 1952 676 1994 tua
691 1959 835 2013 progressa
850 1951 907 2005 est,
925 1940 976 1993 sed
986 1959 1021 1992 ne
1038 1942 1118 1993 ctiam
1133 1942 1163 1994 in
1178 1949 1324 2012 posterum

231 2035 336 2106 «pravis
352 2031 419 2083 baec
436 2030 531 2082 adesse
547 2032 672 2103 possint;
693 2030 781 2081 omnis
796 2028 830 2081 de
847 2027 899 2082 boc
914 2030 1019 2083 tributo
1035 2029 1197 2100 notitiaigui
1211 2028 1322 2092 tradita,

232 2127 276 2182 «et
291 2139 344 2172 una
368 2137 430 2171 cum
452 2117 628 2172 afflictoribus
647 2116 745 2170 borum
763 2118 861 2170 notitia
886 2116 992 2170 sublata
1014 2126 1070 2171 est:
1089 2115 1155 2170 haec
1172 2118 1246 2168 enim
1259 2125 1322 2168 tau-

232 2229 329 2282 «quam
345 2204 468 2277 Hydrae,
487 2225 522 2257 ne
539 2207 638 2260 iterum
662 2205 769 2259 elevent
791 2207 881 2278 capita
904 2206 980 2258 exuri
1006 2205 1129 2275 jussisti,
1155 2213 1234 2258 tuum
1257 2206 1321 2258 imi·

232 2306 320 2358 «tatus
340 2292 492 2349 Herculem.
518 2294 654 2348 Aristides
679 2294 791 2370 quidem
807 2296 966 2348 inconsueta
989 2293 1094 2346 tributa
1107 2291 1219 2346 Graecis
1246 2290 1321 2344 ordi-

232 2403 326 2448 «nans,
343 2381 411 2453 justi
426 2401 576 2454 cognomen
593 2381 702 2450 retulit;
721 2385 759 2436 ita
774 2392 805 2435 ut
821 2384 908 2455 siquis
923 2380 1072 2435 Aristidem
1089 2378 1202 2441 diceret,
1218 2377 1323 2448 justum

233 2474 412 2546 «adponerctz
431 2479 462 2522 tu
474 2489 536 2523 vero
548 2469 581 2522 de
590 2470 701 2523 tributis
717 2471 785 2524 adeo
794 2472 906 2548 magnis,
924 2478 1052 2541 tanquam
1066 2468 1204 2520 communi
1217 2467 1323 2536 Erinuy

233 2559 326 2620 «aliter
337 2558 457 2612 subditis
472 2559 659 2619 constituens,
678 2557 845 2631 quodnam'
837 2576 895 2628 Jure
911 2573 1063 2628 cognomen
1082 2553 1240 2609 obtineres?
1256 2554 1322 2606 Par-

135 2644 141 2654 *
233 2668 281 2708 «va
296 2649 368 2700 enim
383 2654 447 2698 sunt
461 2653 589 2716 respectu
613 2641 710 2698 borum
734 2665 781 2709 ea,
803 2644 837 2698 ob
861 2665 929 2718 quae
949 2643 1157 2698 admirationem
1178 2642 1323 2695 consecuti

233 2745 314 2796 «sunt
326 2705 461 2787 Aristides
477 2742 504 2784 et
520 2733 695 2797 Pisistratus,
715 2735 762 2806 qui
779 2752 841 2786 cum
853 2733 986 2787 decimam
1008 2733 1144 2794 omnium,
1164 2731 1322 2802 quaeregio

233 2823 430 2896 «produceret,
443 2820 656 2874 Atheniensibus
671 2823 861 2874 constituisset
875 2823 905 2876 in
921 2820 1069 2884 tributum,
1087 2819 1161 2891 justa
1174 2819 1323 2888 Hymetum

232 2915 366 2975 «Atticam
386 2911 589 2983 pertransiens,
615 2926 761 2982 senemque
778 2911 967 2982 conspexisset
990 2908 1125 2981 quendam
1149 2915 1254 2979 petram
1275 2924 1323 2957 co-

233 3002 367 3064 alentem,
387 3008 413 3052 et
439 2998 541 3068 fatigiis
564 2995 780 3068 despondentem
800 3000 932 3062 animum,
952 2996 1205 3058 commiseratione,
1226 3002 1258 3044 ut
1274 2992 1323 3045 de-

233 3109 314 3150 «cens
331 3097 403 3152 erat,
421 3095 510 3138 tactus
520 3124 528 3148 ,
546 3087 658 3138 mittens
672 3077 870 3158 interrogabat3
890 3105 958 3159 quos
979 3104 1042 3138 narn
1065 3085 1090 3136 ei
1106 3083 1210 3136 fructus
1228 3099 1324 3134 saxum

234 3177 301 3238 “boc
315 3175 419 3229 ferret?
438 3172 490 3226 Illo
507 3192 570 3227 vero
588 3174 703 3244 graviter
716 3176 928 3246 ingemiscente,
947 3183 976 3226 et
996 3170 1119 3226 dolorem
1135 3168 1322 3242 respondente

234 3285 280 3325 «ac
293 3263 425 3318 malorum
442 3264 563 3335 copiam,
583 3271 610 3315 et
629 3260 726 3315 borum
743 3262 874 3315 decimam
887 3263 1031 3315 Pisistrato
1050 3258 1242 3333 praestandam-
1261 3275 1323 3309 esse

234 3352 395 3416 «subdente,
414 3348 556 3422 ignorabat
570 3351 672 3422 quippe
684 3360 829 3421 tyrannum
843 3350 954 3404 adesse:
975 3367 1098 3403 sermone
1114 3348 1168 3400 isto
1184 3344 1240 3399 sibi
1252 3344 1321 3397 rela-

233 3451 296 3503 «ιο,
314 3441 475 3512 patientiam
490 3438 652 3502 admiratus,
670 3458 796 3510 magnum
810 3437 914 3513 aliquid
929 3457 957 3490 se
976 3436 1076 3490 donare
1090 3436 1255 3496 existimans,
1271 3451 1322 3505 pe-

234 3539 319 3590 ,tram
335 3547 350 3579 a
365 3527 469 3581 tributo
487 3527 702 3579 immunemseni
714 3529 855 3599 permisit3
875 3526 947 3580 unde
962 3527 992 3578 in
1006 3524 1202 3577 beneficentiae
1217 3540 1321 3573 memo·
1399 3535 1402 3540 '

234 3619 325 3680 ariam,
338 3614 417 3669 locus
427 3617 479 3667 iste
495 3635 509 3668 a
524 3614 627 3668 tributo
641 3617 769 3670 immunis
785 3616 989 3688 cognominatus
1004 3621 1053 3666 est.
1063 3612 1120 3666 Sed
1135 3610 1202 3686 quid
1218 3609 1322 3682 egoPi·

234 3708 389 3768 ,sistratum
406 3723 585 3757 commemoro
603 3713 630 3756 et
646 3723 739 3756 senem
754 3723 839 3756 unum
856 3712 883 3756 et
897 3700 988 3755 sterile
1000 3700 1071 3756 illud
1083 3719 1184 3763 saxum,
1193 3707 1322 3770 respectu

193 3817 200 3832 ·
235 3803 312 3856 «tuae
332 3812 393 3864 erga
407 3811 501 3844 omnes
515 3791 642 3846 subditos
657 3789 844 3858 liberalitatis;
863 3790 936 3843 unde
952 3799 980 3842 et
996 3787 1125 3862 opificum
1140 3789 1228 3862 quivis
1241 3803 1320 3858 prae·

236 3892 293 3942 “ter
307 3898 384 3953 spem
400 3877 483 3943 felis,
502 3889 529 3933 et
545 3879 661 3952 agricola
678 3876 862 3932 molestiarum
880 3877 1095 3933 consolationem
1114 3877 1273 3940 inveniens,
1291 3871 1321 3926 in

237 3972 322 4041 ,agris
338 3977 365 4021 te
382 3970 478 4020 canit.»
498 4001 533 4010 -
550 3971 686 4040 Evagriua
701 3969 752 4020 loc.
770 3972 813 4020 eit.
832 3987 891 4039 cap.
907 3974 1035 4040 39—42.
1055 3965 1157 4018 Zosimi
1174 3965 1320 4017 anctorita-
