2908 4814
749 271 795 338 tt

330 431 478 507 Sextula
493 459 586 531 quae
603 433 740 523 sertur3
757 459 841 506 nam
856 461 920 508 sex
933 433 991 508 his
1011 439 1119 510 uncia
1134 458 1294 512 constat.

332 547 480 626 Sextula
503 575 586 620 eum
610 546 723 650 dupla
745 568 821 641 est,
841 569 984 626 veteres
1011 549 1139 627 dixere
1158 551 1345 627 duellam.
1440 574 1441 581 ’

330 668 445 741 Uncia
456 665 498 735 fit
513 662 695 737 drachmis
709 664 766 737 bis
781 685 975 765 quattuor3
998 665 1098 750 unde
1122 669 1345 770 putandum

205 835 209 841 -
257 783 304 858 25
333 773 661 871 Grammata‘dicta,
676 778 781 879 quod
795 780 889 854 haec
903 785 1028 881 viginti
1048 787 1345 884 quattuorinse
1438 824 1439 829 κ

331 900 447 973 Uncia
465 895 598 968 habet:
614 914 669 978 tot
685 899 782 969 enim
800 898 924 970 formis
941 925 1010 970 vox
1024 918 1149 972 nostra
1160 920 1342 988 notatur,

331 1015 440 1086 Horis
460 1031 554 1109 quot
565 1009 724 1084 mundus
741 1016 885 1114 peragit
902 1034 1125 1114 noctemque
1143 1013 1344 1116 diemque.

332 1130 522 1225 Unciaque
539 1129 577 1198 in
593 1127 685 1198 libra
702 1155 786 1229 pars
806 1148 873 1219 est,
892 1156 987 1228 quae
1012 1133 1148 1203 mensis
1165 1133 1203 1202 in
1221 1157 1341 1203 anno.

331 1243 431 1315 Haec
444 1267 573 1340 magno
587 1243 692 1317 Latio
710 1243 802 1314 libra
814 1263 892 1334 est,
911 1246 1085 1343 gentique
1098 1263 1261 1342 togatae:

181 1349 184 1356 ¹
260 1359 307 1433 30
331 1357 1425 1460 Atticanamminorest:terquinquehancdeniquedracho.-0

333 1476 384 1547 Et
401 1494 458 1547 ter
475 1477 610 1548 vicenis
624 1472 775 1547 tradunt
793 1474 975 1576 explerier
991 1501 1112 1548 unam.

333 1591 469 1692 Accipe
485 1609 696 1692 praeterea,
712 1617 828 1693 parvo
845 1617 955 1690 quam
972 1593 1120 1665 nomine
1139 1591 1237 1689 Graji

336 1709 460 1780 Mnam
476 1708 656 1797 vocitant,
672 1709 863 1804 nostrique
879 1709 1012 1779 minam
1025 1703 1152 1781 dixere
1168 1709 1318 1808 priores
1335 1735 1343 1778 :

340 1823 498 1896 Centum
506 1818 575 1893 hae
593 1839 680 1894 sunt
695 1820 907 1912 drachmae,
925 1820 1059 1922 quodsi
1072 1821 1306 1922 decerpseris
1324 1821 1393 1892 illis

264 1939 310 2016 35
340 1939 541 2029 Quattuor:
560 1934 692 2009 efficies
705 1936 802 2008 hanc
819 1957 979 2010 nostram
997 1933 1160 2037 denique
1184 1937 1315 2007 libram
1325 1965 1336 2024 3

154 2072 230 2128 cota
336 2053 456 2125 Attica
471 2074 565 2148 quae
581 2049 657 2142 fiet,
676 2053 706 2122 si
723 2072 888 2149 quartam
901 2051 1105 2156 dempseris
1123 2051 1221 2143 hinc,
1234 2053 1335 2122 Mna.

270 2195 273 2200 ’
312 2201 317 2218 ·
340 2166 562 2265 Cecropium
576 2185 747 2266 superest
759 2166 947 2269 posthaec
963 2164 1133 2254 docuisse
1144 2167 1336 2256 talentum,

336 2282 527 2378 Sexaginta
539 2282 673 2373 minas,
690 2308 758 2355 seu
770 2284 844 2374 vis,
861 2309 925 2355 sex
944 2283 1055 2356 millia
1071 2281 1282 2372 drachmas,

337 2393 639 2492 Quodsummum
648 2394 764 2470 doctis
773 2395 1149 2503 perhibeturpondus
1157 2395 1314 2468 Athenis
1323 2425 1334 2487 5

262 2514 309 2602 40
335 2514 427 2588 Nam
443 2511 609 2584 nihilhis
628 2510 938 2605 oboloveminus,
952 2514 1111 2610 majusve
1132 2511 1280 2582 talento.

335 2629 443 2700 Nunc
457 2624 575 2697 dicam
593 2624 750 2716 solidae,
770 2630 927 2727 quaesit
947 2626 1073 2702 divisio
1093 2626 1207 2699 librae
1215 2665 1233 2716 ·,

338 2741 426 2816 Sive.
437 2743 542 2813 assis:
560 2766 644 2813 nam
661 2745 714 2814 sio
732 2741 855 2840 legum
872 2740 996 2816 dixere
1014 2745 1144 2845 periti,
1165 2793 1168 2800 -

335 2856 392 2932 Ex
411 2883 486 2954 quo
495 2910 507 2950 ,
526 2853 631 2956 quod
648 2856 716 2930 soli
730 2860 909 2960 capimus,
926 2857 1167 2960 perhibemur
1180 2855 1330 2945 habere,

336 2973 503 3044 Dicimur
522 2992 586 3044 aut
599 2973 714 3074 partis
734 2970 874 3047 domini
886 3001 955 3076 pro
970 2973 1135 3075 partibus
1152 2972 1274 3070 hujus.

264 3087 310 3179 45
337 3088 453 3161 Uncia
471 3089 502 3158 si
517 3085 633 3160 librae
649 3086 762 3179 desit,
781 3085 906 3162 dixere
925 3087 1127 3177 deuncem,

338 3203 429 3275 At
401 3229 431 3274 s1
444 3221 643 3281 sextantem
660 3201 843 3302 retrahas,
865 3206 935 3276 erit
947 3203 1008 3278 ille
1029 3201 1216 3276 decuncis.

339 3315 416 3393 Sed
432 3317 573 3390 nullum
588 3294 731 3418 reliquo
748 3345 884 3392 nomen
899 3321 1084 3392 semuncia
1101 3337 1243 3391 certum

338 3435 497 3536 Dempta
515 3430 634 3524 dabit3
626 3459 722 3506 nec
739 3461 834 3533 quae
851 3454 908 3507 est
924 3433 1035 3532 hujus
1053 3435 1243 3506 sescuncia
1257 3397 1442 3534 triplari

341 3547 576 3622 Dodrantem
577 3548 759 3648 reliquum
768 3551 926 3622 vocitant
935 3547 1138 3650 quadrante
1152 3567 1329 3621 retracto·
1318 3600 1330 3638 ,

268 3665 315 3740 50
342 3653 509 3764 Cumque
524 3667 636 3737 triens
656 3662 770 3756 desit,
785 3663 930 3737 bessem
946 3663 1071 3744 dixere
1086 3666 1241 3766 priores.

341 3775 445 3851 Idem
459 3799 675 3882 septuncem
689 3777 838 3881 dempto
852 3783 1062 3881 quincunce
1078 3800 1310 3855 vocarunt..

340 3894 431 3968 Post
448 3891 540 4032 ltaec
553 3896 711 4000 semissis
725 3891 832 3969 solidi
848 3922 931 3997 pars
946 3898 1096 4002 maxima
1112 3897 1243 3970 fertur:
