2908 4814
758 251 821 352 ros

306 443 377 501 Vide
394 443 428 497 de
439 441 510 498 libra
523 445 607 497 attica
615 442 768 526 Agricolam
782 443 801 497 l.
819 464 843 498 c.
860 443 909 498 uhi
925 441 1024 498 libram
1039 445 1189 518 improprie
1204 445 1250 500 hic
1269 449 1334 502 atti-

238 553 296 587 cam
311 533 368 587 dici
386 531 516 588 ostendit.
535 531 713 586 Bnauarr.

307 625 363 677 Ter
376 626 505 695 quinque.
525 621 581 674 Ter
602 623 723 696 quinque
746 621 919 696 qaindecim,
944 629 973 676 ct
993 630 1036 676 ter
1057 621 1156 692 viginti
1176 627 1333 696 sexaginta,

235 713 407 784 septuaginta
421 712 550 783 quinque.
570 709 689 764 Vrrnr.

303 801 400 854 Minor
417 817 480 853 rere
499 797 617 863 dicitur,
636 800 739 873 quippe
757 817 811 852 una
819 808 851 854 et
864 797 962 871 viginti
979 796 1114 906 drachmis
1135 817 1152 851 a
1170 795 1255 852 latina
1272 798 1329 852 dis-

235 887 318 940 tabat.
337 887 508 940 Lunares.

165 961 169 972 ⁴
306 975 384 1030 Vers.
399 982 443 1031 31
464 973 1100 1048 Vama,cod.130b.Edd.pl.-Vgenu
1122 973 1326 1028 Cod.T.hnan

236 1062 308 1115 Edd.
326 1061 424 1114 Venet.
443 1060 551 1116 Caesar.

306 1150 383 1205 Vers.
402 1157 446 1206 32.
463 1170 570 1221 parvo,
589 1149 659 1205 Cod.
678 1149 747 1204 Boh.
764 1159 874 1204 etnnus
888 1169 904 1202 e
919 1146 1171 1222 Guelpherbitanis.
1187 1148 1260 1206 Edd.
1271 1151 1327 1204 Ve-

235 1247 290 1292 net.
309 1235 407 1295 Calon.
430 1237 537 1292 Caesar.
563 1238 659 1292 Const.
681 1241 712 1292 in
733 1257 816 1310 marg.
834 1235 906 1292 Pith.
928 1238 1017 1292 Rivin.
1033 1235 1123 1291 Burm.
1142 1238 1274 1294 Wernsd
1295 1271 1328 1282 -

235 1330 344 1397 patrio,
360 1323 432 1378 Edd.
448 1326 540 1381 Vinet.
561 1326 657 1381 Const.
673 1328 704 1380 in
721 1335 787 1380 text.

306 1412 408 1467 Nescio
431 1413 500 1486 qaid
519 1425 648 1487 praestet.
668 1418 757 1469 Parvo
765 1456 777 1480 ,
795 1416 814 1468 i.
837 1433 860 1467 e.
883 1421 1023 1468 contracto
1045 1417 1076 1471 in
1097 1431 1179 1468 unarn
1200 1414 1328 1486 syllabam

235 1521 342 1554 mnam:
360 1499 417 1555 labi
430 1521 495 1556 vero
509 1505 539 1556 in
553 1501 597 1556 his
611 1503 726 1560 vocibus
741 1501 863 1568 scribas,
882 1501 987 1556 indicio
1010 1512 1053 1557 est
1067 1501 1146 1557 locus
1164 1505 1254 1558 Ovidii
1266 1505 1326 1560 Me·
1431 1493 1432 1516 ¹

237 1591 370 1663 tamorph.
384 1591 458 1644 Libr.
472 1593 553 1645 XIV.
570 1612 635 1644 vers.
649 1599 700 1656 δάε

337 1710 351 1739 a
371 1717 514 1732 ......
532 1681 705 1754 patriamque
724 1677 806 1738 simul
824 1679 971 1736 transferre
988 1677 1102 1751 parabat

337 1767 386 1830 “In
403 1765 484 1820 sedes
503 1765 642 1838 penetrale
660 1782 769 1822 novas.»

239 1851 288 1907 ubi
300 1855 329 1906 in
344 1854 442 1907 codice
460 1856 535 1926 regio
547 1853 689 1926 legebatur
703 1876 852 1929 parvoque.
870 1855 1050 1907 Bnaua'rr.

307 1962 411 2015 qaam,
426 1941 496 1994 Cod.
510 1941 578 1995 Bob.
595 1941 669 1995 Edd.
687 1961 760 1996 omn.
772 1976 808 1984 —
822 1964 920 2015 quem,
938 1943 1009 1996 cod.
1026 1943 1121 2013 Regin.

309 2031 408 2104 Graji,
422 2029 495 2082 Edd.
510 2029 549 2100 pl.
566 2060 603 2071 -
621 2032 708 2092 Grai,
726 2029 796 2082 Cod.
812 2029 881 2083 Bob.
897 2064 933 2075 .-
948 2032 1065 2102 grandi,
1077 2028 1131 2082 Ed.
1149 2027 1246 2082 Colon.

305 2117 385 2170 vers.
400 2124 444 2174 53.
463 2119 580 2180 Mnam,
598 2116 671 2169 Edd.
688 2135 760 2170 omn.
775 2149 811 2160 —
825 2139 905 2181 nam,
922 2119 992 2171 Cod.
1011 2117 1079 2172 Bcb.
1097 2136 1166 2190 apr.
1182 2113 1324 2169 maedan

237 2204 344 2258 emend.
361 2213 424 2261 tert.
438 2225 550 2267 mnam,
570 2213 598 2257 et
611 2206 641 2257 in
657 2207 777 2276 margine
793 2205 827 2258 ab
842 2207 938 2259 eadem
953 2225 1034 2259 mann
1047 2209 1156 2259 minam.

307 2297 445 2364 nostrique
456 2297 557 2346 minam
571 2295 663 2347 disere
676 2298 790 2365 priores,
801 2292 873 2346 Edd.
889 2311 992 2348 omnes.
1002 2326 1038 2335 —
1056 2313 1140 2367 quam
1150 2294 1243 2346 dixere
1257 2293 1325 2344 duel·

235 2381 309 2442 lam,
327 2379 397 2433 Cod.
413 2379 481 2433 Bob.
498 2401 513 2433 a
530 2401 571 2454 pr.
588 2402 623 2434 m.
641 2379 692 2434 sed
707 2399 739 2433 ex
756 2381 862 2433 emend.
882 2390 943 2435 tert.
961 2389 1063 2453 recept.

306 2467 384 2521 Vers.
400 2475 444 2530 54.
466 2471 581 2524 Centum
591 2471 644 2522 hae
657 2482 738 2531 sunt,
754 2468 825 2525 Cod.
840 2469 907 2522 Bob.
918 2469 990 2524 Edd.
1000 2487 1073 2523 omn.
1081 2482 1232 2523 —centum
1244 2479 1324 2527 erant,

237 2555 308 2611 cod.
324 2555 352 2610 S.
373 2555 466 2618 Germ.

309 2645 384 2717 quod
396 2648 420 2696 si
435 2645 613 2714 decerpseris,
632 2642 705 2696 Edd.
719 2642 758 2716 pl.
774 2675 810 2686 -
824 2665 896 2718 quae
909 2651 933 2699 st
949 2647 1129 2716 decerpseris,
1145 2641 1216 2697 Cod.
1234 2642 1299 2696 Bab.
1314 2661 1327 2692 a

234 2752 276 2805 pr.
294 2750 330 2782 m.
348 2729 400 2783 sed
414 2751 430 2784 a
441 2732 543 2784 tertia
556 2749 638 2802 marg.
648 2733 806 2786 detraxeris.
819 2762 856 2775 -·
867 2735 971 2807 quodsi
979 2734 1160 2803 descripseris,
1174 2730 1227 2783 Ed.
1236 2731 1326 2784 Const.

304 2818 463 2872 Excantnm
472 2815 607 2871 drachmis
621 2820 646 2872 si
661 2828 777 2892 quatuor
787 2817 927 2879 drachmas
937 2819 1112 2884 subduxeris,
1121 2817 1243 2892 reliquae
1255 2825 1329 2874 erunt
1431 2835 1432 2840 ¹

235 2907 384 2977 nonaginta
399 2923 447 2958 sex
463 2903 620 2971 drachmae,
640 2925 709 2981 quae
722 2925 831 2961 romana
847 2906 918 2961 libra
931 2915 982 2961 est.
1000 2907 1121 2962 Vrsar.

305 3002 384 3058 Vers.
402 3007 446 3059 35.
465 3002 537 3058 hanc
557 3017 696 3065 nostram,
714 3003 744 3055 in
769 3000 840 3056 cort
859 3001 928 3056 Bob.
947 3005 994 3080 τῷ
1013 3023 1032 3054 n
1050 3003 1081 3054 in
1102 3001 1174 3056 lianc
1191 3011 1220 3055 et
1237 3003 1283 3078 τῷ
1306 3022 1329 3054 m

234 3099 375 3154 insslibram
389 3118 404 3150 a
420 3115 503 3149 mann
520 3099 666 3152 recentiori
681 3106 816 3170 punctum
830 3097 991 3171 impositum
1012 3116 1073 3152 esse
1095 3096 1222 3162 videtur,
1248 3099 1286 3151 ita
1301 3105 1337 3148 ut

235 3187 288 3240 hac
303 3195 331 3240 et
343 3189 413 3242 libra
428 3183 577 3256 legendum
594 3205 653 3239 esse
667 3187 804 3238 innuatur.

306 3275 458 3336 Nostram,
476 3273 496 3325 i.
513 3292 537 3326 e.
552 3292 706 3338 romanam,
726 3293 793 3346 qnae
805 3275 954 3346 nonaginta
979 3292 1026 3328 sex
1050 3270 1190 3326 drachmas
1209 3273 1330 3327 contine-

235 3361 298 3425 bat,
317 3363 390 3418 sicut
404 3362 487 3416 attica
499 3363 671 3434 septuaginta
686 3363 826 3436 quinque,
846 3359 1076 3435 quemadmodum
1097 3359 1129 3413 id
1151 3380 1166 3412 a
1187 3360 1329 3414 Leonardo

236 3449 332 3503 Portio
347 3447 506 3502 adnotatum
520 3457 571 3502 est.
590 3449 661 3502 Hinc
674 3447 757 3522 paulo
772 3450 899 3520 superius
918 3459 1013 3505 auctor
1029 3468 1173 3502 romanam
1185 3453 1330 3524 majorem,

238 3539 351 3589 atticam
367 3542 497 3592 minorem
515 3535 662 3609 appellarit
677 3536 792 3601 libram,
811 3555 879 3610 quae
899 3537 1031 3599 efficitur,
1056 3537 1100 3638 (ιιιΙ
1118 3533 1164 3589 hic
1186 3535 1281 3607 tradit)
1300 3553 1331 3587 ex

236 3622 319 3686 Mna,
338 3624 363 3675 si
382 3634 502 3697 quartam
517 3633 623 3698 partem
637 3624 798 3698 dempseris,
815 3623 869 3680 hoc
882 3634 924 3680 cst
937 3625 1037 3736 viginti
1054 3626 1174 3698 quinque
1189 3631 1330 3677 excentum

240 3708 383 3766 drachmis.
404 3712 549 3768 Cassan.

308 3801 386 3855 Vers.
405 3803 449 3858 36
468 3807 630 3875 ripuariam
645 3804 789 3873 dempseris
806 3803 868 3856 hine
883 3803 966 3866 Mna,
980 3798 1052 3853 Edd.
1071 3817 1143 3856 omn.
1160 3804 1234 3853 -si
1247 3819 1329 3872 quar-

238 3904 294 3942 tam
308 3889 452 3962 dempseris
465 3909 581 3954 emnam,
600 3888 670 3944 Cod.
688 3889 756 3944 Bob.
769 3891 865 3954 enam,
882 3889 952 3944 Cod.
968 3889 1064 3960 Regin.
1076 3918 1113 3931 -
1125 3907 1240 3952 emnam,
1258 3885 1328 3944 cod.

239 3975 343 4032 Thnan.
362 4006 398 4024 -
415 3983 439 4036 si
452 3993 581 4052 quartam
597 3981 769 4053 indempseris
787 3999 902 4042 enneae,
918 3975 988 4033 Cod.
1007 3977 1035 4035 S·
1054 3975 1145 4032 Germ.

1429 3789 1432 3938 i
