2908 4814
118 457 122 462 '
147 445 246 500 eodem
263 447 373 500 circiter
387 455 527 518 tempore,
546 463 603 518 qao
617 441 829 517 Chrysergyrum
848 443 981 500 abolitum
997 454 1057 511 est,
1074 447 1109 500 ab
1126 451 1239 504 Anasta·

144 535 187 588 sio
200 535 286 586 fuisse
298 532 435 596 sublatas,
454 533 631 588 consentiunt
643 543 782 604 auctores,
802 533 979 606 tteoptaaes
990 555 1056 608 pag.
1072 544 1122 594 123
1136 541 1174 591 ad
1188 560 1239 592 an.

143 649 210 682 nram
223 627 367 684 Anastasia·
383 647 432 686 ro:
455 621 629 688 «ἀνέστειλε
652 626 706 685 τὸν
719 631 935 708 φρυαάργυρον
951 629 1005 685 aui
1023 629 1061 685 ad
1078 631 1237 711 κυνήγια.»

144 724 304 778 modona
316 725 415 778 Lector
425 724 485 777 bist.
500 725 592 777 eccles.
601 724 676 777 Litr.
684 726 724 776 ΙΙ.
734 745 760 777 n.
767 731 811 782 53.
822 727 886 778 edit.
896 728 940 776 cis.
948 737 1012 776 tom.
1026 726 1082 776 ΙΙΙ.
1096 747 1162 799 pag.
1169 733 1219 786 582
1230 749 1238 780 ε

142 820 201 878 ard
213 817 348 902 1κυνήγια
362 812 512 876 dunum»
537 826 565 870 et
582 819 667 872 Jeme
690 821 803 890 Stylitea
822 821 898 892 apud
914 818 1095 872 Aseemauum
1110 823 1237 877 Bibliotb.

137 923 234 972 orient.
250 933 313 974 tom.
328 921 353 973 Ι.
366 941 432 994 pag.
446 923 508 994 269·
526 949 563 962 -··
587 920 631 976 Ta
648 919 799 998 κυνήγια,
822 939 890 994 quae
905 928 1029 975 auctores
1046 921 1079 975 ab
1094 924 1237 978 Anastasio

135 1032 285 1086 suppressa
300 1015 386 1068 fuisse
399 1024 525 1078 rimant,
545 1014 579 1067 da
594 1016 787 1069 venationibus
805 1013 1075 1086 Circi'intelligenda
1091 1035 1164 1083 esse,
1180 1022 1237 1074 Pa-

137 1115 181 1154 ter
197 1103 317 1156 Goarius
330 1107 359 1156 in
377 1108 449 1157 notis
463 1105 500 1156 cd
517 1103 691 1174 timphanis
707 1107 726 1156 1.
740 1125 762 1156 c.
776 1123 842 1175 pag.
858 1106 909 1161 582
927 1101 1021 1157 multis
1040 1104 1156 1176 probare
1169 1109 1238 1161 niti-

136 1198 198 1241 tur:
220 1187 354 1249 «venandi
368 1193 544 1244 exercitium»
554 1191 646 1264 inquit
657 1201 704 1252 aut
717 1192 748 1244 fit
758 1209 809 1264 per
823 1187 921 1261 sylvas,
938 1188 1020 1243 lande
1031 1192 1154 1264 dignum,
1170 1194 1237 1249 abc·

136 1273 270 1340 «lesisse,
288 1279 318 1332 in
334 1280 472 1332 Anastasii
488 1279 623 1350 principis
639 1277 748 1333 laudem
763 1297 844 1332 nemo
860 1277 988 1330 cordatus
1012 1297 1119 1334 morum
1137 1301 1237 1338 censor

135 1375 277 1425 ,verteret
296 1365 408 1420 Adeone
428 1374 571 1419 cruentum
586 1376 614 1419 et
627 1364 803 1419 inhumanum
822 1364 918 1419 solitae
934 1368 1087 1422 venationis
1102 1370 1234 1435 studium,

136 1463 185 1513 «ut
199 1453 233 1506 ab
250 1455 413 1527 imperatore
429 1452 642 1525 Chrysargyrum
657 1456 832 1524 extinguente
845 1463 994 1506 mereretur
1004 1457 1126 1527 extingui
1135 1458 1163 1509 i»
1182 1459 1234 1511 Be·

133 1559 169 1595 ue
186 1541 307 1615 quidem,
316 1540 367 1594 sed
381 1550 489 1613 praeter
504 1560 569 1594 rem.
589 1543 631 1594 De
644 1541 835 1597 venationibus
846 1539 1024 1595 Circensibus
1035 1542 1143 1615 elegans
1160 1547 1236 1618 apud

136 1631 329 1698 cassiodorum
349 1631 417 1684 Var.
432 1632 506 1684 Libr·
524 1631 560 1686 V·
578 1649 620 1702 ep.
635 1639 678 1694 ΔΩ.
698 1633 761 1683 edit.
780 1634 824 1683 cit.
836 1650 902 1702 pag·
918 1635 971 1704 519
986 1628 1074 1696 loeus,
1094 1635 1141 1705 qui
1152 1633 1234 1706 plane

132 1715 187 1769 huc
205 1726 328 1788 spectat:
350 1718 397 1778 ,si
414 1717 583 1772 consulerem
604 1716 819 1771 munificentiam
842 1725 1009 1789 provocant,
1029 1721 1076 1792 qui
1099 1731 1234 1792 peruncta

137 1822 302 1876 «corporum
316 1803 489 1860 flexibilitate
506 1804 661 1869 luctantur,
680 1808 704 1858 si
719 1823 819 1877 organo
834 1805 995 1858 canentibus
1011 1806 1136 1860 redditur
1149 1811 1234 1862 vicis-

135 1891 246 1952 «sitndc
266 1895 468 1964 proemiorum,
487 1896 512 1947 si
528 1895 604 1947 venit
629 1892 664 1946 ad
677 1895 797 1965 pretium
815 1891 989 1946 delectabilis
1013 1893 1233 1969 cantilenaeque

133 1998 261 2040 ,munere
274 1991 388 2035 venator
405 1980 555 2054 explendus
574 1989 631 2044 est,
651 1982 699 2054 qui
717 1991 750 2034 ut
760 1980 949 2054 spectantibus
964 1979 1079 2052 placeat,
1095 1983 1232 2036 suiamor-

131 2067 224 2128 ,tibus
241 2067 381 2123 elaborat?
401 2069 577 2141 Voluptatem
597 2078 717 2141 praestat
740 2071 871 2141 sanguine
895 2086 960 2133 suo,
980 2077 1008 2121 et
1030 2069 1136 2123 infelici
1157 2080 1232 2124 sorte
1264 2093 1268 2104 ¹

132 2157 334 2220 «constrictus,
360 2157 475 2218 festinat
496 2156 601 2230 populo
622 2155 747 2228 placere,
772 2159 820 2230 qui
844 2175 905 2209 eum
925 2173 981 2208 nou
1003 2166 1081 2228 optat
1107 2158 1228 2213 eradere.

132 2246 234 2308 «Actus
248 2242 437 2309 detestabilis,
457 2255 593 2297 certarnen
607 2242 710 2306 infelix,
730 2263 792 2296 cum
804 2246 870 2297 feris
885 2242 956 2298 velle
973 2245 1148 2311 contendere,
1164 2265 1231 2321 quas

125 2321 277 2392 'doninica
293 2349 322 2385 se
337 2349 395 2386 non
408 2331 517 2385 dubitat
528 2332 658 2384 invenire.
678 2329 743 2385 Sola
758 2340 801 2384 est
815 2351 878 2401 ergo
893 2332 922 2383 in
938 2330 1058 2385 fallendo
1070 2353 1230 2408 praesump-

135 2420 193 2479 «tio
201 2457 209 2482 ,
227 2419 340 2472 unicum
353 2421 383 2472 in
399 2419 563 2491 deceptione
579 2417 715 2472 solatium.
737 2419 794 2491 Qui
808 2419 833 2471 si
848 2420 932 2470 feram
946 2435 1002 2471 non
1017 2432 1151 2476 mereatur
1162 2423 1230 2476 effu-

134 2525 231 2578 ,gere,
250 2507 389 2562 interdum
409 2525 461 2560 neo
488 2504 654 2579 sepulturam
677 2507 779 2578 poterit
801 2507 932 2561 invenire.
959 2504 1057 2560 Adbuc
1080 2516 1229 2582 superstite

132 2593 258 2655 ,homine
274 2597 348 2668 perit
361 2614 476 2669 corpus,
496 2604 524 2647 et
536 2602 680 2667 autequam
701 2592 816 2646 cadaver
831 2594 977 2658 efficiatur,
994 2593 1164 2649 truculenter
1180 2596 1229 2649 ab·

132 2685 274 2743 «sumitur.
295 2683 400 2755 Captus
415 2701 477 2736 esca
493 2682 524 2734 fit
536 2681 611 2734 hosti
628 2699 688 2744 suo,
707 2691 735 2734 et
746 2679 824 2734 illum
838 2681 919 2754 (proh
934 2681 1023 2755 dolor)
1040 2685 1128 2748 satiat,
1146 2703 1228 2757 quem

131 2789 177 2831 «se
194 2772 327 2842 perimere
345 2787 428 2844 posse
446 2770 571 2842 suspirat
592 2768 785 2841 Spectaculum
801 2778 907 2822 tantam
921 2769 1033 2823 fabricis
1047 2769 1158 2835 clarum,
1176 2772 1228 2826 sed

132 2861 256 2918 ,actione
278 2858 472 2922 deterrimum,
496 2858 526 2910 in
549 2854 682 2910 honorem
703 2856 842 2928 scythicae
859 2859 963 2910 Dianae
983 2868 1137 2930 repertum,
1159 2879 1227 2933 quae

129 2947 286 3018 «sanguinis
304 2941 440 2999 effusione'
458 2943 600 3016 gaudebat.
620 2945 645 2998 Ο
669 2947 784 2997 miserae
803 2945 975 3016 deceptionis
997 2964 1131 3011 errorem,
1150 2946 1226 3000 illam

129 3033 318 3096 «desiderasse
332 3032 438 3097 colere,
458 3051 526 3105 quae
540 3031 680 3085 hominum
701 3042 790 3086 morte
812 3031 986 3104 placabatur!
1004 3067 1040 3080 -
1056 3065 1093 3076 --
1110 3065 1146 3076 -
1163 3035 1224 3088 Pri-

129 3141 206 3184 «mus
222 3121 312 3195 fragili
335 3120 410 3192 ligno
427 3118 562 3182 confisus,
581 3121 666 3172 currit
688 3118 723 3172 ad
739 3139 785 3174 ora
801 3118 970 3172 belluarum:
992 3130 1020 3174 et
1033 3121 1127 3186 istud,
1147 3123 1224 3195 quod

128 3213 224 3282 «cupit
238 3210 367 3272 evadere,
385 3225 483 3278 magno
500 3209 606 3278 impetu
627 3206 738 3260 videtur
754 3216 891 3280 appetere.
911 3210 973 3262 Pari
987 3211 1017 3262 in
1032 3227 1063 3262 se
1083 3227 1165 3262 cursu
1183 3210 1225 3263 fe-

128 3299 232 3359 ,asinar
245 3297 390 3369 praedator
405 3305 433 3348 et
448 3295 563 3367 praeda:
582 3313 634 3346 nec
657 3294 738 3347 aliter
760 3303 836 3348 tutus
859 3313 918 3348 esse
941 3306 1052 3368 potest,
1071 3298 1126 3349 nisi
1142 3296 1224 3363 huic,

128 3405 227 3459 ,quem
243 3386 329 3439 vitare
341 3385 434 3456 cupit,
447 3384 612 3437 creauerit.
638 3383 717 3435 Tuno
742 3384 771 3434 in
794 3391 854 3436 atre
878 3382 949 3436 saltu
964 3385 1087 3457 corporis
1104 3384 1223 3450 elevato,

127 3475 224 3547 «quasi
241 3481 331 3526 vastes
350 3471 503 3526 levissimae
519 3472 645 3542 supinata
658 3469 780 3523 membra
794 3470 948 3541 jaciuntur,
968 3480 995 3524 et
1017 3471 1128 3545 quidam
1143 3493 1222 3527 arcus

127 3577 293 3633 «corporeus
308 3577 390 3633 supra
405 3557 525 3612 belluam
539 3557 670 3622 libratus,
690 3557 756 3610 dum
773 3577 862 3613 moras
888 3559 1052 3612 discedendi
1070 3561 1150 3624 facit,
1169 3559 1221 3615 sub

127 3652 205 3721 „ipso
218 3647 349 3701 velocitas
362 3648 448 3700 ferina
464 3646 595 3699 discedit.¹
612 3646 659 3700 Sic
674 3646 794 3711 accidit,
812 3647 907 3700 utillo
922 3650 1006 3718 magis
1022 3649 1113 3721 possit
1128 3651 1222 3702 mitior

127 3736 248 3799 wideri,
267 3737 315 3809 qni
325 3733 458 3808 probatur
475 3733 564 3788 illudi.
583 3734 659 3788 Alter
674 3734 780 3806 angulis
793 3737 823 3788 in
839 3735 1001 3808 quadrifaria
1014 3735 1111 3789 mundi
1127 3736 1221 3789 distri·

128 3824 258 3885 abutione
279 3825 457 3895 compositis,
484 3821 596 3878 rotabili
619 3822 750 3877 facilitate
767 3841 960 3896 praesumens,
978 3842 1034 3876 non
1050 3823 1220 3877 discedendo

128 3914 230 3985 «fugit,
248 3929 304 3968 non
321 3930 351 3966 sc
362 3910 473 3983 longius
489 3910 616 3967 faciendo
633 3910 768 3976 discedit,
794 3912 918 3985 sequitur
940 3912 1144 3987 insequentem,
1167 3931 1220 3984 po·
