2950 4810
691 333 739 385 XV

625 403 802 422 *-

180 563 183 572 .
252 485 346 571 Jnm
373 480 428 568 de
457 499 623 567 auctore
645 481 820 567 istorum
843 479 1089 568 Carminum
1116 505 1178 568 est
1197 480 1259 569 di-
1298 570 1301 580 ,

166 616 360 706 cendum.
385 615 610 731 Etprimo
637 598 834 731 quidem,
864 615 984 731 quod
1016 627 1183 702 Carmen
1210 627 1261 703 de

165 763 286 838 larrde
304 763 505 838 Anastasii
525 762 781 861 Imperatoris
805 751 971 856 attinet,
999 748 1104 837 illud
1123 752 1168 834 in
1189 781 1262 836 an-

164 888 399 1001 tiquissimo
431 882 591 972 Codice
619 907 786 990 nostro,
811 881 1009 971 Prisciani
1036 914 1192 970 nomen
1217 886 1261 970 in

164 1021 298 1107 fronte
316 1020 440 1134 gerit,
461 1043 503 1104 et
520 1020 563 1104 in
580 1020 853 1134 hypographe
868 1019 1101 1108 Priscianus
1112 1017 1260 1105 Gram-

165 1156 336 1240 maticus
351 1154 478 1238 fuisse
498 1151 663 1239 disertis
681 1152 819 1238 verbis
838 1151 1010 1238 dicitur:
1034 1163 1263 1263 Expliciunt

76 1363 80 1373 ,
164 1299 305 1378 laudes
315 1348 462 1374 .......
485 1296 617 1373 dictae
640 1321 668 1372 a
685 1293 885 1373 Prisciano
902 1299 1166 1392 Grammatico
1173 1327 1188 1391 ;
1206 1289 1264 1375 ita
1290 1273 1296 1344 f
1366 1358 1373 1374 ,

164 1446 210 1508 ut
229 1423 409 1509 dubium
418 1420 582 1507 nullum
595 1449 684 1513 esse
694 1422 838 1536 possit,
847 1421 1103 1508 Prisciauum
1112 1421 1262 1508 Gram-

165 1558 377 1662 maticum,
398 1585 528 1670 quem
546 1555 672 1668 vulgo
683 1553 997 1671 Caesariensem
1013 1553 1169 1661 dicunt,
1188 1557 1263 1670 qui

165 1715 270 1776 teste
288 1702 414 1776 Paulo
431 1696 691 1799 Warnesrido
710 1698 762 1774 de
775 1713 875 1799 gest·
887 1698 1138 1806 Langobard.
1154 1699 1260 1776 Libr.

166 1838 198 1908 I.
226 1861 312 1936 cap.
335 1822 716 1929 25,Justinian01.
737 1823 968 1937 imperante
991 1819 1129 1938 «apud
1150 1821 1262 1909 Con·.

98 1963 103 1970 ’
165 1957 483 2074 stantinopolim-
514 1958 802 2070 grammaticae
835 1957 931 2044 artis
969 1954 1177 2078 profunda
1209 1956 1261 2041 ri·
1370 1994 1380 2011 s

164 2117 300 2180 matus
323 2101 864 2205 ‹astatquemccrsstodorus
889 2099 941 2178 de
966 2099 1152 2202 Orthaga.
1175 2125 1262 2200 cup.

165 2237 278 2314 XIII.
311 2254 388 2312 suo
413 2245 616 2338 ,tempore
643 2224 1027 2338 Constantinopoli
1044 2221 1270 2318 doctorem.

166 2361 300 2446 suisse'
322 2379 516 2463 testatur,
542 2358 585 2442 in
616 2352 776 2450 Codice
804 2358 872 2443 vix
898 2357 1009 2442 binis
1038 2360 1210 2444 saeculis
1239 2389 1263 2444 a

168 2492 375 2607 scriptoris
404 2491 526 2604 hujus
564 2520 668 2578 aevo
700 2514 881 2600 remoto,
914 2491 1105 2588 carminis
1131 2494 1263 2580 nostri

164 2613 378 2714 auctorent
391 2623 609 2738 designari.
617 2624 734 2718 Nihil
751 2649 861 2718 certe
882 2625 1033 2730 obstat,
1043 2625 1262 2716 Gramma·

164 2764 293 2846 ticum
308 2759 333 2844 J
336 2747 541 2848 ustiniano
559 2760 592 2844 Ι.
613 2759 843 2873 imperante
861 2759 1094 2865 florentem,
1114 2791 1263 2876 quam·

165 2898 226 2981 vis
261 2925 348 2979 non
382 2891 539 2999 desint,
570 2893 644 3007 qui
675 2924 770 2977 cum
793 2896 878 3008 jam
900 2925 1009 3007 anno
1029 2900 1120 2982 522
1148 2926 1261 2982 mor-

165 3053 284 3114 tuum
310 3027 436 3114 suisa-e
451 3025 741 3131 contendant,
769 3027 858 3144 (cfr.
881 3039 1190 3116 Lindemannum
1222 3043 1284 3116 ire

84 3149 86 3158 ,
160 3173 295 3275 praef.
326 3172 384 3248 ad
407 3175 601 3250 Prisciani
631 3197 761 3273 opusc.
793 3177 930 3250 minor.
949 3173 1087 3274 duda.
1117 3175 1260 3253 Butae.

169 3302 294 3383 1818.
321 3308 464 3409 ,praef-
495 3296 603 3414 XV.)
630 3297 838 3384 Anastasii
865 3297 1008 3384 Dicori
1037 3303 1261 3386 anno·518

163 3433 254 3517 satis
273 3432 403 3522 suncti
427 3428 572 3518 landes
589 3431 806 3539 cecinisse,
829 3429 1160 3547 necquidquam
1182 3431 1260 3518 ob-

164 3579 326 3654 servare
337 3565 620 3683 possum,sive
632 3556 823 3654 carminis
834 3588 1123 3678 argumentum
1143 3595 1260 3682 spec·
1314 3571 1318 3578 “

163 3727 272 3806 tem,
290 3703 377 3789 sive
396 3700 572 3814 stylum,
593 3695 715 3814 quod
734 3730 758 3784 a
777 3700 974 3786 Prisciani
992 3700 1158 3813 ingenio
1185 3700 1258 3785 ab·
1314 3727 1317 3736 ·

162 3839 359 3921 horreret.
380 3835 472 3920 Imo
492 3837 599 3922 inter
618 3835 855 3948 Periegesin
874 3828 1008 3939 illam,
1025 3835 1148 3921 toties
1167 3835 1256 3918 vul-

163 3993 296 4081 getam
309 4021 326 4076 ,·
353 3999 482 4085 quam
511 4002 534 4057 a
559 3969 768 4067 Prisciano
797 3963 1055 4058 Caesariensi
1072 3999 1094 4054 e
1110 3997 1255 4082 graeco
