2950 4810
576 271 762 374 ns...

222 433 307 536 Ipse
325 435 418 509 deus
434 432 568 536 pelago
581 458 756 538 praesens
776 431 943 508 exhausit
958 431 1004 505 ab
1015 433 1091 507 ¹alto
1100 489 1112 528 ,

133 545 134 548 '
224 551 392 642 Quantus
406 548 590 650 adestpro
602 569 638 622 te
646 545 845 624 ostendens
853 545 1059 636 discrimine
1069 577 1210 650 magno,

222 666 259 739 N
260 692 309 738 on
326 667 438 740 aliter
448 690 630 738 summum
644 662 772 738 solitus
789 660 991 739 monstrare
1008 667 1186 740 levorem:

124 784 197 872 28o
224 780 354 876 Sancta
367 785 450 886 pios
460 781 627 862 homines
644 798 823 854 testantur
837 783 972 882 scripta
987 806 1056 883 per
1074 807 1212 874 aevum,

224 897 268 970 In
289 897 420 998 quibus
434 897 619 995 historice
633 894 723 972 tales
737 916 823 970 sunt
838 896 937 970 mille
952 895 1158 990 bonorum,

227 1015 393 1106 Quorum
409 1020 462 1088 sic
481 1017 596 1089 virtus
608 1013 850 1117 praefulserat
870 1013 1036 1088 omnibus
1052 1015 1171 1107 annis,

224 1129 359 1205 Dextra
373 1129 478 1232 quod
494 1131 629 1232 eripuit
646 1115 764 1204 ‹livina
786 1157 806 1204 e
825 1129 964 1203 casibus
983 1128 1083 1222 illos,
1174 1116 1177 1134 ¹

117 1255 122 1276 '
225 1247 306 1321 Nec
322 1247 426 1350 prius
440 1249 572 1321 enituit
585 1250 702 1348 pietas
720 1274 830 1348 quam
844 1266 941 1322 tecta
957 1246 1093 1338 s'alutc,

128 1360 198 1436 285
226 1363 283 1435 Ex
297 1367 483 1465 insperato
503 1358 658 1436 dederat
671 1381 781 1464 quam
793 1389 930 1437 numen
951 1362 1107 1465 Olympi.

224 1477 306 1552 Hoc
324 1503 391 1550 rex
408 1481 637 1581 omnipotens
655 1479 811 1555 invehis
833 1483 912 1585 ipse
931 1480 1118 1582 probavit,

155 1637 158 1645 r
230 1594 305 1687 Qui
316 1597 471 1697 ¹peperit
486 1591 682 1689 mundum,
699 1600 764 1698 qui
777 1596 915 1671 lumine
933 1605 1063 1669 cuncta
1079 1612 1215 1685 tuetur,

229 1711 349 1800 Quem
363 1707 530 1785 recolens
545 1715 662 1786 animo
678 1715 859 1787 veneraris
877 1731 1021 1813 tempus
1036 1713 1075 1783 in
1091 1735 1216 1800 omne,
1281 1753 1284 1760 ⁴

230 1825 447 1923 Pignorihus
465 1824 581 1926 dignis
599 1825 793 1901 decoratus
809 1828 991 1925 sanguinis
1008 1827 1100 1928 apti3

133 1965 204 2042 290
228 1941 319 2016 Nam
336 1940 427 2042 quid
451 1969 733 2019 commemorent
748 1943 852 2018 Pauli
873 1939 1216 2038 mitissima'gcorda,

231 2057 351 2148 Quem
368 2059 435 2131 tibi
455 2060 641 2159 conjungit
655 2063 842 2134 munimen
860 2056 977 2133 laudis
995 2056 1186 2147 honestas,

230 2173 315 2248 Non
329 2173 450 2248 solum
468 2176 612 2272 generis
632 2173 832 2249 venerandi
846 2173 989 2248 vincula
1006 2197 1123 2263 saora3
1176 2217 1178 2226 ν

231 2285 323 2361 Nam
341 2314 462 2389 mores
482 2291 650 2389 sequitur
665 2287 870 2363 mediocres
886 2309 1038 2390 pectore
1055 2307 1166 2361 casto.

235 2403 309 2475 Ore
328 2429 452 2478 canam
466 2429 624 2504 quonam
639 2405 784 2506 pietatis
802 2401 957 2475 culmina
976 2420 1094 2475 tantae
1104 2457 1116 2494 ,
1232 2409 1348 2520 ¹²2ka

138 2517 208 2618 295
237 2518 318 2611 Qua
332 2521 451 2594 fratris
465 2541 568 2596 natos
585 2522 704 2595 animo
724 2518 979 2622 complecteris
1001 2543 1140 2618 aeque,
1296 2505 1302 2518 ¹

235 2634 270 2710 N
271 2661 320 2708 on
333 2641 456 2737 patrui
476 2657 614 2709 tantum
623 2691 635 2727 ,
650 2630 718 2709 sed
735 2635 849 2737 patris
864 2659 967 2708 more
986 2630 1161 2725 colend03

235 2749 365 2824 indole
382 2779 475 2851 quos
491 2754 608 2826 nutris
628 2750 756 2850 dignos
774 2771 812 2825 et
828 2754 943 2853 stirpe
957 2770 1161 2853 parentum.

236 2865 382 2968 Hypatii
397 2871 508 2941 vestri
527 2861 682 2941 referant
695 2865 888 2941 fortissima
904 2869 995 2939 facta
1004 2920 1017 2957 ‚

242 2982 315 3072 Qui
331 2982 516 3083 Scythicas
532 3002 658 3082 gentes
677 2983 764 3085 ripis
784 2980 937 3085 depellit
950 2981 994 3053 ab
1012 2971 1144 3071 Histri,

143 3098 213 3172 300
240 3098 360 3188 Quem
369 3094 797 3191 viditvalidumParthus‚
809 3100 994 3199 sensitque
1003 3091 1226 3169 timendum?

129 3307 131 3314 y
238 3213 337 3306 Quas
351 3212 479 3286 laudes
492 3217 637 3310 nneritas
656 3213 838 3312 Augustae
854 3211 976 3286 dicere
993 3209 1154 3315 possim?

238 3327 376 3402 Auctor
392 3355 485 3428 quae
501 3331 620 3403 firerat
635 3350 818 3403 tantorum
842 3349 880 3404 et
899 3357 1004 3403 causa
1027 3329 1228 3416 bonorum

239 3445 337 3516 Dum
349 3448 508 3547 patrium
524 3448 643 3518 munit
660 3465 733 3518 tam
746 3443 849 3520 firmo
866 3449 1033 3548 principe
1056 3469 1207 3543 regnum
1215 3495 1226 3534 ,

240 3560 496 3660 Permittitque
511 3563 589 3655 viro
607 3559 786 3634 mundum
800 3588 955 3662 seseque
974 3558 1157 3634 tuendam.

144 3675 213 3752 305
239 3675 295 3748 Ex
309 3678 405 3750 omni
419 3702 546 3762 seusus
561 3681 691 3752 invicta
712 3673 885 3782 cupidine
899 3702 1025 3780 prava,

244 3791 356 3890 Cujus
373 3792 464 3864 fama
478 3794 560 3894 piae
577 3793 744 3893 vulgatur
758 3797 803 3866 in
816 3792 982 3867 omnibus
1004 3797 1098 3887 oris3

241 3907 433 4007 Plus-fecit
451 3934 560 4009 quam
577 3909 679 4011 quod
699 3937 805 3987 sexus
824 3931 1054 3986 concesserat
1068 3911 1137 4002 illi,
