2908 4814
655 315 700 382 or
769 297 775 316 '

135 483 264 536 Gorneas
273 501 316 552 op.
335 485 378 533 cit.
396 493 460 532 tom.
477 479 516 532 11.
532 496 597 550 pag·
616 483 662 541 3⁰,
675 483 708 534 δι
727 473 777 528 uhi
797 475 918 530 eruditae
934 474 1092 534 Villoiscnii
1108 477 1229 532 animad-

131 572 272 624 versiones
293 565 486 622 consulendae.
513 615 517 624 ,

201 658 280 710 Vers.
300 655 460 713 255-258.
479 654 538 706 Imo
553 647 736 724 Euphemium
751 649 932 714 patriarcham
944 647 1227 726 Constantinopolita-

130 763 215 809 num,
235 746 362 818 quicum,
381 741 554 796 silentiarius
568 737 656 791 adhuc
671 739 736 792 dum
750 748 838 802 esset,
857 739 934 792 litem
950 737 1063 805 habuit,
1083 743 1147 813 (vid.
1163 744 1228 794 Sui·
1279 754 1283 762 '

131 844 197 894 dam
216 859 281 892 voce
303 836 413 915 φατρία
434 837 496 888 edit.
515 835 591 888 Krisa.
610 847 673 888 tom.
692 837 746 888 ΙΙΙ.
761 857 826 909 pag.
844 839 906 908 534)
925 838 1073 909 imperator
1089 839 1226 890 renuntia·

130 945 194 998 tus,
214 933 394 988 exauctoravit
408 941 477 984 teste·
498 925 663 1002 Theophane
679 949 743 1003 pag.
764 948 821 988 120.
841 933 975 984 loannem
996 931 1226 988 ararem-'rabenna

131 1027 249 1086 siotam,
269 1022 317 1094 qui
332 1019 397 1072 dum
411 1021 511 1072 Romae
531 1017 657 1088 degeret,
676 1019 847 1072 Anastasium
864 1020 997 1091 imperare
1021 1000 1152 1083 audiens,
1169 1039 1228 1091 gra-

130 1123 189 1166 tam
203 1109 399 1162 beneficiorum
421 1105 641 1161 vicissitudinem
654 1105 687 1158 ab
703 1126 752 1170 eo,
770 1110 800 1161 in
817 1125 900 1181 quem.
910 1105 976 1164 olim
992 1109 1150 1179 naufragum
1164 1107 1228 1160 Ale-

131 1199 261 1254 xaudriae
275 1214 406 1250 summam
422 1196 589 1247 exercuisset
602 1191 810 1260 humanitatem,
830 1213 960 1267 sperans,
977 1195 1138 1266 Byzantium
1153 1216 1231 1249 accc-

133 1289 199 1342 dere
220 1271 401 1339 decrerisset:
421 1283 526 1354 ingenti
548 1300 660 1354 prorsus
684 1283 784 1354 ingrati
807 1285 896 1337 animo
916 1284 1001 1348 vitio,
1025 1283 1108 1354 jussit
1124 1282 1230 1335 exulem

132 1377 194 1448 agi,
212 1394 263 1426 nec
277 1371 337 1426 solo
356 1379 508 1443 conspectu
526 1369 654 1441 dignatus
672 1359 812 1442 excipere,
832 1377 956 1423 narrante
974 1370 1071 1426 eodem
1086 1373 1230 1446 Theopha-

132 1485 168 1519 ne
183 1485 248 1536 pag.
269 1453 327 1520 118.
346 1449 429 1521 Esto,
444 1459 474 1509 in
493 1447 560 1509 alios
578 1456 739 1511 clementior
755 1459 887 1530 gratiorvc
906 1460 1041 1512 exstiterit
1053 1461 1230 1522 Anastasius,

131 1551 203 1605 nihil
217 1550 315 1604 horum
330 1567 344 1600 a
359 1544 540 1618 scriptoribus
556 1549 700 1599 memoriae
715 1545 857 1619 proditum
874 1554 923 1598 cst.

204 1639 282 1693 νοτε.
302 1643 466 1710 259-241.
488 1635 638 1693 «Custodes
653 1637 750 1687 aulae»
769 1652 818 1686 seu
834 1635 1072 1706 «Curopalataeffi
1095 1637 1142 1708 qui
1156 1633 1231 1707 apud
1277 1618 1282 1626 .

130 1723 324 1796 Francogallcs
338 1724 470 1796 praelecti
482 1721 587 1794 palatii,
594 1722 639 1775 vel
655 1723 771 1794 majores
790 1722 887 1776 domus
900 1721 1077 1775 vocabantur.
1097 1722 1153 1775 Csr.
1165 1722 1229 1778 Nic.

131 1820 332 1871 Allemannum
349 1813 387 1865 ad
403 1814 530 1883 Procopii
545 1811 605 1864 hist.
625 1831 718 1864 arcon.
736 1831 797 1882 cap.
814 1811 865 1864 Vl.
882 1831 948 1880 pag.
963 1831 1022 1866 loo.

205 1903 282 1955 Vers.
304 1909 462 1973 ata-247.
480 1898 557 1952 Italis
577 1897 724 1970 dignitates
749 1897 899 1952 contulisse
923 1899 1096 1950 Anastasium
1117 1899 1230 1949 innuere

132 1990 202 2046 velle
220 1989 347 2053 videtur,
368 1987 402 2040 de
419 2008 473 2061 quo
488 1997 578 2039 tamen
596 1987 702 2039 nullum
717 1987 791 2060 apud
808 1995 933 2039 auctores
948 1987 1094 2059 vestigium
1110 1987 1230 2058 reperire

132 2078 221 2132 licuit.
239 2110 275 2120 -
293 2077 422 2130 Faustum
439 2085 465 2128 ct
482 2075 622 2128 Irenaeum
641 2073 746 2128 Gelasii
761 2077 850 2147 Papae
868 2075 983 2127 Romani
999 2073 1103 2148 legatos
1119 2071 1231 2126 honori-

132 2168 184 2220 fice
200 2166 324 2238 suscepit
340 2165 497 2216 Anastasius
514 2172 585 2215 teste
604 2164 770 2235 Theophane
790 2183 855 2236 pag.
877 2171 927 2220 123
946 2171 972 2214 et
995 2163 1057 2235 ipso
1076 2164 1186 2215 Gelasio
1204 2148 1236 2215 ἰνῖ

133 2261 210 2327 epist.
227 2255 264 2306 ad
275 2253 407 2306 Anactes.
426 2253 502 2323 apud
515 2252 690 2303 Harduinum
708 2252 853 2305 concilior.
868 2265 931 2303 tom.
944 2252 984 2304 II.
998 2270 1064 2323 pag·
1082 2255 1142 2324 893:
1162 2251 1233 2303 Cum

134 2341 310 2396 Theoderico
326 2340 472 2393 amicitiam
488 2337 607 2390 coluisse
622 2345 739 2400 constat,
759 2339 920 2409 eProcopio
936 2339 1092 2391 Caesarien.
1109 2340 1143 2390 cle
1161 2341 1231 2392 hello

117 2430 211 2502 rgoth.
222 2430 296 2483 Liba.
313 2429 370 2482 ΙΙΙ.
386 2447 446 2498 capa
458 2432 501 2483 25·
517 2445 582 2498 pag.
599 2428 653 2482 516
673 2438 699 2478 et
710 2426 954 2479 CassiodoroLibr.
971 2427 995 2477 I.
1007 2445 1048 2496 cp.
1068 2444 1091 2480 ι.
1111 2427 1173 2478 edit.
1187 2431 1230 2479 eit.

59 2571 62 2576 ,
133 2539 199 2590 pag.
220 2539 243 2590 7.
264 2519 322 2586 Cfi.
338 2517 366 2569 Ι.
386 2516 420 2568 G.
435 2515 544 2568 Eccord
565 2514 599 2565 de
621 2517 735 2566 numnais
750 2515 913 2588 quibusdam
931 2515 980 2566 sub
994 2517 1124 2585 regimine
1143 2515 1232 2566 Theo-

134 2607 221 2659 derici
240 2603 486 2676 Orthrogothorum
509 2607 598 2674 regia,
617 2605 645 2653 in
664 2601 793 2654 honorem
807 2604 927 2655 Zenonis
948 2614 974 2654 et
994 2600 1137 2654 Anastaaii
1153 2607 1231 2654 cusis.

135 2695 262 2748 Hannov.
281 2709 357 2764 1720.
376 2700 401 2754 4.
420 2722 456 2732 -
473 2687 609 2743 Evodium
626 2689 803 2757 'ficinensem
817 2689 980 2742 Hormisdae
997 2707 1084 2761 papae
1098 2686 1232 2759 legatum,

135 2779 332 2833 contumeliose
349 2779 507 2849 excepisse,
525 2777 687 2848 navigioque
701 2775 790 2847 fragili
810 2778 988 2848 impositum,
1006 2794 1041 2828 ne
1062 2778 1167 2848 uspiam
1183 2797 1232 2847 per

134 2875 221 2920 totam
236 2866 378 2921 Graeciam
392 2866 426 2919 ad
444 2865 561 2938 aliquam
576 2864 713 2916 civitatem
728 2864 871 2917 accederet
886 2863 1039 2928 mandasse,
1059 2873 1148 2916 narrat
1157 2867 1231 2916 Para

135 2960 178 3010 lus
194 2957 336 3008 Diaconus
360 2958 389 3005 in
408 2955 559 3006 Muratorii
575 2953 674 3022 Script.
697 2972 749 3004 rer.
769 2955 885 3006 italicar.
904 2966 967 3005 torn.
989 2954 1012 3005 Ι.
1029 2973 1094 3024 pag.
1119 2971 1177 3007 101·
1196 2979 1232 2992 -

82 3063 85 3071 ·
134 3043 194 3097 lino
211 3041 305 3096 Iuliae
325 3039 419 3096 littora
441 3041 540 3093 vastari
562 3039 645 3111 jussit
667 3048 695 3093 et
713 3040 863 3093 Tarentum
881 3058 1023 3110 aggressus
1048 3048 1090 3092 est
1107 3048 1232 3090 narrante

134 3133 300 3186 Marcellino
318 3130 422 3183 Comite
436 3148 501 3201 pag.
519 3133 568 3186 50:
598 3126 675 3188 «lud.
697 3147 720 3183 1.
741 3125 838 3180 Celere
863 3134 891 3179 et
909 3128 1064 3180 Venantino
1082 3125 1161 3179 Coss.
1177 3127 1240 3179 llo·'

136 3236 248 3279 «manns
266 3218 375 3292 Comes¹
389 3215 602 3269 domesticorum
618 3224 646 3268 ct
663 3215 792 3268 Rusticus
816 3214 916 3268 Comes
933 3199 1150 3278 scholariorum,
1170 3231 1232 3266 cum

136 3315 265 3368 «centum
287 3306 394 3358 armatis
420 3302 551 3366 navibus,
570 3302 740 3377 totidemque
763 3294 957 3366 dromonibus,
976 3311 1039 3356 octo
1056 3297 1141 3353 millia
1158 3300 1231 3354 mili-

137 3404 213 3458 «turn
228 3401 390 3446 armatorum
406 3410 500 3446 secum
515 3389 683 3454 ferentibus,
698 3388 734 3442 ad
755 3389 919 3443 devastanda
941 3389 1035 3442 ltaliae
1055 3387 1150 3443 littora
1166 3409 1231 3462 pro-

137 3490 313 3544 acesserunn
333 3489 360 3533 et
378 3488 468 3552 usque
491 3477 526 3530 ad
550 3478 699 3530 Tarentum
718 3478 934 3552 antiquissimam
957 3479 1094 3531 civitatem
1111 3478 1231 3550 aggressi

138 3578 234 3630 «sunt:
254 3586 432 3640 remensoque
455 3567 523 3619 mari
547 3563 719 3620 inhonestam
740 3568 899 3631 victoriam,
925 3578 1005 3640 quam
1028 3568 1151 3642 piratico·
1163 3586 1231 3620 ausu

138 3657 271 3718 «Romani
285 3675 299 3708 e
314 3656 442 3709 Romanis
459 3663 608 3726 rapuerunt
619 3656 762 3708 Anastasio
781 3655 891 3708 Caesari
905 3662 1103 3726 reportarunt.»

207 3740 286 3798 Vera.
305 3745 468 3807 atat—260.
487 3744 530 3795 De
540 3740 674 3796 Arabibus
689 3743 817 3806 Seruitia,
837 3741 939 3794 crebris
958 3741 1165 3797 excursionibus
1173 3743 1230 3794 Eu-

137 3830 301 3906 phratesiam
317 3830 512 3884 infestantibus
529 3839 609 3905 atque
626 3833 743 3903 septimo
766 3831 903 3884 Anastasii
920 3849 991 3884 auno
1001 3869 1009 3895 ‚
1028 3832 1074 3904 qui
1101 3840 1144 3885 est
1163 3833 1229 3902 post

138 3919 239 3974 Christ.
253 3923 315 3995 498.
331 3918 365 3972 ab
378 3919 502 3990 Eugenio
518 3921 660 3990 regionum
673 3917 780 3972 illarum
794 3919 932 3991 praefecto
949 3921 1082 3990 repressis
1098 3917 1228 3992 loquitur·

138 4005 202 4062 vid.
221 3997 412 4080 Theophanem
424 4029 490 4080 pag.
509 3997 557 4065 aii
574 4021 601 4061 et
614 4009 762 4080 Evagrium
773 4009 833 4061 hist.
849 4009 938 4060 eccles.
956 4009 1030 4061 Libr.
1040 4007 1095 4059 ΙΙΙ.
1115 4027 1174 4078 cap.
1185 4009 1229 4063 56.-

461 4091 467 4119 t
1076 4103 1095 4166 5
1113 4093 1131 4132 ‚g

1076 4255 1081 4278 q
1101 4229 1116 4260 ἱ
