2950 4810
716 289 899 384 .....¹.⁴.„..

362 448 560 523 Fortunam
579 443 691 546 quone
709 445 774 516 tibi
793 443 931 518 debent
950 465 1059 546 atque
1076 447 1227 519 salutem
1237 503 1248 537 ,

361 567 531 664 Votaque
546 564 750 663 suscipiunt
762 587 832 664 pro
848 580 885 634 te
902 579 1104 661 noctesque
1124 559 1290 662 diesque.

359 681 529 754 Necnon
546 675 692 775 eloquio
710 675 925 769 decoratos,
941 679 1093 766 maxime
1105 677 1303 778 Princeps,

349 785 463 888 'Quos
480 791 644 866 doctrino
662 813 793 893 potens
811 811 849 865 et
864 789 979 866 sudor
991 795 1150 866 musicus
1168 812 1294 891 auget,

262 914 333 988 250
360 913 527 1002 Quorum
543 910 718 982 Romanas
730 909 848 996 munit
862 909 1037 1008 sapientia
1050 907 1167 1007 leges,

358 1024 527 1098 Adsumis
545 1028 664 1098 socios
676 1021 1033 1124 justomoderamine
1046 1051 1192 1115 ,rerum5

357 1143 408 1214 Et
424 1139 522 1214 solus
539 1137 655 1214 doctis
678 1137 922 1241 dospraemia
939 1135 1046 1237 digna
1058 1137 1205 1230 labore,

356 1257 572 1330 Muneribus
587 1255 702 1328 ditans
717 1275 754 1328 et
766 1281 919 1356 poscens
934 1275 1056 1328 mente
1070 1254 1235 1354 benigna.

356 1371 455 1445 Haec
470 1392 625 1473 propter
642 1369 728 1444 celsi
748 1369 954 1444 dominator
967 1374 1141 1444 maximus
1161 1373 1249 1461 axis,

152 1549 162 1554 -
260 1489 328 1562 255
354 1490 510 1562 Infestos
522 1491 651 1561 vestris
668 1488 797 1560 avertit
809 1487 853 1556 ab
873 1485 1014 1558 arcibus
1031 1486 1180 1578 hostes,

357 1607 458 1697 Quos
472 1605 574 1674 furor
586 1601 742 1699 injustus
760 1599 891 1676 violato
909 1599 1060 1675 foedere
1079 1604 1211 1694 movit,

356 1719 555 1822 Euphratis
570 1721 660 1791 vasti
675 1743 794 1819 prope
806 1719 957 1790 maxima
969 1715 1118 1788 flumina
1133 1719 1262 1818 raptim

355 1833 413 1905 Ex
428 1835 622 1934 improviso
639 1832 820 1905 latronum
835 1859 938 1906 more
953 1852 1114 1906 ruentes.

261 2015 266 2030 ,
357 1948 434 2022 Sed
456 1946 547 2020 deus
566 1950 603 2019 in
622 1950 808 2050 propriam
827 1947 968 2020 cladem
994 1965 1222 2022 converterat
1238 1945 1343 2038 illos,

260 2065 331 2138 260
358 2061 599 2161 Consiliisque
618 2064 689 2134 tuis
703 2063 895 2158 justissima
914 2061 1043 2158 damna
1056 2061 1230 2135 tulerunt.

353 2179 454 2253 Haec
470 2177 598 2252 eadem
616 2201 785 2274 cunctos,
807 2179 905 2254 bello
923 2183 1145 2280 quicumque
1164 2180 1347 2252 lacessunt
1450 2201 1453 2282 ᾗ

354 2297 503 2396 Imperii
520 2295 688 2370 columen
700 2301 809 2372 vestri
824 2325 1047 2401 pacemque,
1065 2296 1281 2390 manebunt,

357 2413 407 2486 Ut
425 2412 480 2484 sol
500 2439 634 2486 oceano
659 2413 787 2486 tollens
801 2440 1042 2512 mergensque
1055 2411 1214 2510 jugales,

359 2529 495 2600 Cernat
508 2528 683 2599 Anastasii
699 2526 832 2602 florere
848 2555 918 2629 per
933 2530 1051 2601 omnia
1066 2553 1220 2616 nomen5

260 2641 329 2718 265
356 2643 519 2742 Utraque
538 2645 651 2716 Romo
669 2645 734 2715 tibi
753 2671 852 2734 nam,
876 2669 1009 2744 spero,
1027 2663 1154 2744 pareat
1170 2645 1251 2735 uni,

355 2758 497 2832 Auxilio
511 2763 661 2852 summi,
682 2761 746 2858 qui
759 2761 943 2859 conspicit
957 2761 1075 2830 omnia
1082 2813 1094 2850 ,
1110 2761 1244 2859 patris,

357 2875 476 2964 Quem
489 2874 609 2975 placas
626 2879 722 2948 ornni
739 2874 875 2946 stabilis
893 2877 1030 2975 pietate
1047 2899 1116 2973 per
1130 2873 1272 2946 orbem:

357 2988 509 3090 Templa
517 3017 651 3064 novans
662 3016 911 3090 renovansque
923 2988 1340 3090 deofulgentiasemper,

354 3104 548 3204 Lucraque
566 3133 652 3180 vera
665 3128 818 3210 putans,
837 3134 967 3178 aurum
982 3131 1195 3179 consumere
1209 3105 1315 3202 juste.

84 3239 88 3248 “
159 3243 234 3292 eota
259 3243 330 3318 270
354 3219 509 3320 Experti
521 3246 642 3323 nuper
659 3250 782 3295 sumus
803 3250 889 3322 ergo
900 3279 912 3315 ,
929 3222 1149 3324 Sceptrifer,
1170 3246 1313 3310 omnes,

355 3335 499 3428 Quanta
517 3353 620 3408 tuum
636 3329 766 3438 pectus
786 3356 904 3411 servat
920 3338 1126 3441 praesentia
1143 3338 1237 3434 regis

357 3451 557 3545 Caelestis,
575 3457 724 3555 propria
737 3456 898 3529 bonitate
914 3453 1077 3556 pericula
1091 3451 1244 3555 pellens.

299 3577 302 3584 '
356 3565 447 3641 Nam
463 3593 546 3640 cum
560 3568 655 3642 mole
672 3597 764 3644 nova
780 3598 889 3673 supra
905 3591 941 3644 te
957 3573 1054 3646 navis
1065 3573 1197 3669 ,iniqua

356 3678 445 3757 Sese
467 3711 550 3756 cum
562 3689 678 3759 ventis
696 3687 849 3760 veheret
864 3675 1027 3786 velisqde
1042 3682 1226 3779 nefandis,

257 3798 331 3898 275
354 3799 475 3900 Atque
491 3801 586 3875 salus
606 3799 738 3875 dubiae
759 3800 942 3905 penderet
959 3805 1107 3874 maxima
1125 3803 1237 3894 vitoe,

354 3917 459 3991 Vitae
474 3911 662 4017 qua'leges
683 3920 824 4014 Latiae,
845 3945 917 4018 qua
936 3937 1271 4007 concrementur,
