2908 4814
584 261 769 362 -ιιι,

107 426 211 481 teuuis
226 425 286 480 erit
297 421 407 500 liquor,
424 429 483 479 tuna
493 419 635 496 cylindrus
653 420 818 496 profundius
836 421 997 488 descendet,
1015 433 1044 480 et
1058 426 1159 500 majore
1172 447 1224 484 uu·

109 515 166 570 dae
185 515 278 588 copia
294 521 410 590 tegetur.
427 501 589 570 Wsausu.

65 617 66 622 ’
187 603 314 674 Legitur
326 610 354 656 ct
370 603 469 675 majori
478 604 617 680 mergitur.
646 597 752 656 Sensu's
765 608 856 654 autern
870 607 927 656 este
945 600 978 656 si
998 620 1082 676 aque,
1096 604 1127 657 ln
1146 624 1227 678 quam

111 689 286 764 cylindrum
298 690 426 762 injeceris
441 689 526 742 fuerit
541 689 631 742 tenuis
649 697 678 744 et
689 687 794 754 letior,
813 707 844 742 eu
859 689 1050 760 ccdctoueri3
1071 699 1099 746 ct
1113 693 1144 745 in
1168 711 1227 746 eum

57 805 64 818 ι
111 778 273 852 cylindrus
291 777 373 832 eitius
386 775 554 842 descendet,
571 776 727 852 majoreque
742 777 876 850 pondere.
894 778 953 834 Sed
969 779 1065 834 confer
1080 777 1144 844 buc,
1158 800 1228 856 quae

113 868 152 922 dc
174 887 254 942 aqua
269 867 374 920 murino
393 874 422 919 et
441 863 546 920 fluviali
566 865 691 938 disputat
707 863 871 922 Aristoteles
892 867 922 920 in
943 865 1181 933 problematibus,
1200 878 1229 923 et

110 955 287 1034 Macrobius
305 955 423 1028 septimo
439 953 665 1010 saturnaliorum.
684 955 806 1009 Vrrtsr.

190 1046 308 1118 Majori
322 1044 491 1116 immergitur
505 1043 600 1105 undu,
615 1040 642 1094 b.
659 1059 683 1094 e.
696 1040 778 1096 altius
793 1043 979 1114 immergitur,
996 1043 1126 1117 majorem
1137 1042 1229 1118 liquo-

114 1134 156 1188 ris
173 1133 343 1206 portionem
356 1128 478 1203 expellit
497 1128 658 1202 Lugendum
666 1138 757 1184 autem
770 1132 873 1193 undae,
888 1133 946 1186 aive
960 1132 1161 1206 mergitur-loco
1181 1139 1230 1190 im-

113 1225 271 1294 mergitur.
289 1220 421 1294 Ilesxipsa
437 1237 471 1272 cx
483 1217 688 1290 Hydrostaticis
703 1219 770 1272 satis
791 1226 878 1291 patet.
896 1219 1056 1274 Densitates
1078 1219 1127 1276 seu
1144 1224 1232 1295 gravi-

115 1319 195 1366 tates
214 1307 367 1382 specificae
386 1325 533 1380 corporum
546 1314 612 1360 suut
626 1307 700 1360 inter
723 1323 767 1372 se,
792 1315 825 1360 ut
844 1307 968 1379 pondera
983 1302 1095 1374 ¹eorum,
1114 1311 1139 1363 si
1153 1309 1232 1366 volu·

116 1398 199 1452 ruine
215 1399 280 1452 sive
293 1397 383 1468 spatia
397 1394 432 1448 cb
449 1396 520 1468 ipsis
536 1403 669 1468 occupata
678 1402 752 1459 sunt,
767 1394 897 1468 aequalia.
916 1395 974 1450 Sed
989 1400 1107 1471 sumptis
1123 1399 1233 1472 ponde·
1292 1459 1298 1464 ,

118 1484 202 1539 ribus
221 1481 405 1556 aequalibus,
422 1485 465 1538 uti
479 1482 532 1538 boc
547 1480 610 1537 loco
627 1482 677 1548 fit,
696 1482 846 1537 densitates
861 1493 927 1538 suut
946 1487 1087 1558 reciproce
1108 1494 1141 1540 ut
1154 1487 1235 1545 volu·

119 1575 219 1638 mius,
240 1572 303 1627 sive
317 1573 459 1644 reciproce
478 1580 511 1625 ut
521 1580 615 1644 portes
630 1570 777 1643 cylindri
768 1573 898 1626 immersi
916 1573 1068 1628 Kuccrc

197 1662 287 1718 Vere.
303 1677 362 1717 ιιι.
381 1661 431 1714 Sin
449 1665 580 1734 gravior,
598 1659 671 1714 Edd.
690 1692 726 1706 -
743 1665 768 1715 si
788 1665 903 1734 gravio,
924 1659 995 1716 Cod.
1016 1661 1085 1716 llcb.
1110 1681 1183 1738 apr.
1197 1681 1233 1718 m.

121 1749 176 1806 sed
192 1769 229 1804 ex
244 1747 356 1803 emend.
373 1765 429 1802 sec.
448 1756 553 1822 recept.

199 1838 334 1892 modulos
348 1854 504 1908 superesse,
520 1835 593 1889 Edd.
611 1867 649 1881 -
666 1839 824 1894 modulatus
838 1857 889 1893 suo
909 1855 974 1912 per
980 1859 1053 1906 ease,
1079 1837 1150 1894 cod.
1165 1839 1234 1894 Bcb.

24 1923 26 1930 ⁸
124 1946 141 1980 a
154 1945 201 2000 pr.
193 1943 256 1980 ..ιιι
275 1922 327 1976 sed
343 1941 378 1976 cx
393 1921 500 1976 emend.
514 1941 570 1977 sec.
587 1934 690 1998 recept.

165 2065 169 2074 ,
199 2017 305 2070 Plures
321 2012 497 2076 modulos',1.
518 2029 541 2064 c.
556 2014 691 2086 partes,
682 2031 712 2066 ru
732 2033 799 2090 quus
821 2011 963 2087 cylindrus
984 2013 1149 2088 intelligitur
1167 2015 1238 2071 divi-

126 2120 186 2158 sus.
206 2103 361 2158 Causea.
594 2168 598 2181 .

202 2193 315 2251 Plura,
330 2207 399 2262 quae
416 2185 490 2242 disit'
495 2192 614 2260 ,fircera
630 2197 659 2242 et
678 2197 770 2262 portes
786 2188 924 2262 cylindri,
942 2209 1026 2266 super
1040 2209 1137 2268 squaru
1150 2199 1239 2248 exste-

126 2278 211 2333 bunt.
230 2278 357 2333 Vrtur.
418 2283 423 2326 L

205 2368 293 2423 Vers.
311 2371 371 2422 113.
389 2364 451 2419 Aut
471 2368 514 2428 si,
527 2362 602 2418 Edd.
619 2393 657 2411 ι-
673 2366 803 2439 quodsi,
816 2364 893 2420 ·.Ccd
909 2364 978 2420 Bob
993 2382 1075 2423 -at
1087 2368 1239 2444 srgCodd

130 2455 230 2528 Regin.
250 2450 360 2506 Tbuan.

133 2554 146 2604 ς’
153 2559 169 2594 ι
208 2544 273 2598 Aut
285 2561 309 2596 et
304 2543 502 2598 tantumdem.
519 2541 561 2596 Ut
572 2538 699 2616 cyathum
711 2560 796 2615 cquae
806 2542 943 2614 fontanae,
950 2539 1028 2597 verbi
1042 2545 1135 2616 grstia,
1144 2552 1242 2616 etcya·

135 2630 217 2686 thum
240 2638 387 2705 puteanae.
413 2631 586 2704 Quamquam
606 2630 705 2685 scribit
718 2633 824 2684 Plinius
846 2633 905 2684 libr.
921 2631 1032 2686 XXXI.
1040 2629 1178 2688 leuitatem
1194 2631 1243 2686 de·

135 2719 280 2794 prehendi
294 2717 390 2783 aliter,
409 2735 491 2792 quum
506 2736 590 2772 seusu
602 2720 648 2774 vix
660 2736 761 2792 possa,
778 2715 856 2772 nullo
869 2736 957 2792 paene
973 2728 1113 2776 momento
1135 2719 1243 2792 ponde-

137 2809 177 2862 ris
192 2809 276 2883 aquis
293 2805 366 2860 iuter
380 2822 410 2859 se
425 2804 603 2860 distantibus.
621 2807 748 2861 Vrurr.

211 2897 294 2952 Vere.
316 2902 375 2960 uk.
394 2895 515 2967 pondere
538 2897 707 2968 praestabit,
734 2893 806 2950 Cod.
823 2890 892 2950 Bob.
913 2893 988 2949 Edd.
1006 2891 1046 2969 pl.
1069 2925 1104 2938 -
1124 2897 1245 2970 pondere

137 2987 292 3058 perstabit,
310 2981 364 3036 Ed.
381 2981 632 3058 Lips.anu.1494.

211 3076 343 3148 gravior,
361 3072 386 3126 i:
398 3089 422 3125 e.
441 3069 562 3126 densior.
582 3070 713 3126 Consu.

135 3190 138 3202 ·
216 3167 241 3214 si
259 3162 384 3233 pondera
405 3177 515 3222 secum,
541 3157 613 3214 Cod.
635 3159 705 3214 Bob.
723 3156 796 3213 Edd.
817 3188 850 3204 -
868 3163 893 3214 ei
910 3152 1154 3234 ponderosorum,
1173 3157 1244 3216 Cod.

140 3247 171 3305 S.
191 3246 286 3304 Germ.

218 3337 344 3392 Pondere
356 3355 408 3409 pro
423 3338 569 3412 pondera,
585 3336 717 3412 quaedam
732 3335 910 3410 exemplaris,
929 3335 981 3392 sed
994 3335 1093 3390 eodem
1107 3353 1181 3403 sane,
1193 3357 1246 3412 pu-

143 3432 175 3480 to
184 3463 194 3490 ,
213 3441 305 3479 sensu.
324 3424 357 3479 si
372 3443 503 3500 aquarum
515 3433 544 3478 et
560 3423 675 3479 aliorum
686 3424 857 3500 liquidorum
870 3423 994 3500 pondere
1008 3425 1082 3478 inter
1099 3442 1129 3478 se
1146 3444 1246 3490 convc-

143 3515 246 3578 niunt,
264 3520 311 3567 aut
336 3513 361 3566 si
381 3531 467 3586 aquae
488 3513 549 3585 pari
566 3503 639 3568 iuter
662 3532 693 3567 se
718 3512 1037 3586 conveniuntpondere3
1056 3521 1088 3566 ut
1106 3515 1246 3581 siluerit,

147 3599 268 3674 exempli
283 3617 378 3664 causa,
396 3618 480 3674 equae
495 3599 604 3673 plumae
615 3599 703 3666 lubre
722 3611 751 3656 et
766 3599 838 3657 libra
851 3619 936 3676 aquae
947 3600 1074 3666 flumahs
1094 3602 1180 3675 major
1194 3603 1247 3656 erit

77 3705 82 3738 ι
147 3690 287 3763 quantitas
301 3707 387 3763 aquae
401 3688 525 3761 pluviae,
544 3707 625 3764 quum
641 3687 768 3762 alterius3
788 3688 879 3766 quod
884 3707 954 3762 aqua
976 3687 1070 3763 pluvia
1084 3691 1122 3756 eit
1137 3690 1246 3750 tenuior

148 3785 177 3834 et
191 3776 289 3834 levior.
304 3778 446 3835 Versu.

220 3867 300 3923 Vers
318 3871 377 3926 115·
399 3869 583 3932 Conuenient,
602 3866 673 3922 Cod.
686 3864 756 3923 Bob.
778 3896 815 3911 -
832 3870 1013 3931 conveniunt,
1021 3865 1103 3922 Edd.

221 3962 311 4035 major
322 3963 392 4022 erit,
410 3957 429 4012 i.
446 3974 470 4012 e.
486 3955 543 4014 loci
557 3955 622 4032 plus
634 3955 791 4030 occupabit.
812 3954 935 4014 Cossu.
