2950 4810
700 309 766 354 xm

643 376 821 398 ..ὴ-.-

185 457 466 576 (Αηῑοηίὒω),
485 482 590 544 vers.
609 457 664 544 62
687 481 885 565 manentes
903 455 947 541 in
964 471 1156 542 minantes
1175 449 1280 571 (mi-

182 594 373 711 nantes),
401 619 508 678 vers.
543 593 623 678 108
652 601 820 685 classes,
846 591 890 675 in
917 601 1052 694 classis
1071 585 1279 710 (classes),

182 757 288 811 vers·
310 731 365 845 96
388 728 429 812 in
448 739 660 835 corrumpit
680 727 727 808 so
745 761 804 820 m,
823 751 928 809 vers,
952 751 1030 812 122
1060 723 1103 809 in
1126 751 1279 814 terrae·

181 898 282 975 que,
309 864 356 944 sti
383 895 461 975 que
492 883 533 943 et
559 882 663 943 versa
684 877 768 956 942
790 857 831 942 in
858 859 1033 972 quodsi>
1064 862 1277 975 dpunctis

182 993 251 1076 vel
268 993 393 1094 obelo
410 991 653 1106 jugulatum,
673 989 902 1085 delendum
920 989 1135 1086 indicatur.
1157 995 1277 1080 Vers.

182 1145 234 1225 42
256 1153 410 1218 castus,
430 1154 534 1212 vers,
555 1127 610 1224 46
628 1134 757 1238 hujus,
777 1149 818 1210 et
838 1153 943 1210 vers.
963 1131 1020 1212 50
1041 1153 1115 1224 tot,
1136 1127 1189 1212 ab
1215 1130 1278 1244 ip-

178 1290 223 1346 sa
242 1263 378 1376 prima
404 1288 533 1345 manu
565 1260 672 1344 inter
694 1259 824 1344 linteas
845 1258 1035 1344 additum
1059 1286 1132 1347 est.
1167 1262 1277 1381 (th.

178 1409 286 1483 Lect.
311 1433 395 1480 vor·
419 1405 476 1482 od
496 1403 690 1480 carneade
718 1404 840 1479 laude
856 1407 1079 1492 Anastost't',
1100 1432 1197 1508 pag.
1225 1429 1275 1505 17
1344 1469 1350 1482 ,

178 1530 326 1646 et'tss.)

59 1663 62 1668 ’
268 1665 315 1748 In
345 1661 541 1750 Carmine
553 1671 608 1760 'de
617 1669 857 1771 ponderibus
877 1688 916 1746 et
936 1677 1125 1748 mensuris
1149 1662 1278 1777 pluri·

178 1822 378 1884 mactum
397 1827 420 1882 a
439 1796 622 1885 secunda
641 1821 729 1883 tum
747 1827 784 1887 ‚a
813 1797 929 1896 tertia
958 1827 1088 1898 manu
1118 1829 1276 1884 correc-

176 1934 310 2019 tiones
326 1930 544 2019 habentur.
570 1927 762 2038 Secunda
787 1959 937 2016 manus
962 1960 1111 2016 vocem
1137 1933 1206 2017 vel
1228 1932 1276 2017 li-

176 2092 306 2152 teram
328 2063 553 2152 delendam
577 2066 740 2179 punctis
765 2094 889 2180 snpra
916 2064 984 2150 vel
1011 2065 1115 2150 inira
1135 2090 1275 2171 notat,

85 2291 88 2302 ⁸
177 2196 1275 2316 aliamquevocemvel'litcramadpingit,amanuter·

180 2337 234 2420 tia
257 2337 396 2449 plures
425 2336 469 2417 in
495 2332 679 2444 margine
705 2333 980 2418 correctiones
1007 2337 1089 2418 hoc
1115 2336 1233 2446 signo
1255 2362 1278 2434 γ
1383 2421 1385 2426 ,

175 2469 379 2584 praefixo,
398 2466 517 2582 quod
537 2469 660 2559 etiam
679 2468 723 2550 in
743 2489 937 2555 contentu
958 2467 1165 2576 vocabulo
1183 2499 1272 2553 cor·

173 2601 347 2716 rigendo
364 2603 612 2716 imponitur,
632 2597 852 2687 adnotatae
873 2625 982 2686 sunt.
1010 2600 1155 2686 Rarius
1180 2603 1272 2687 lite·
1402 2677 1409 2688 .

172 2769 241 2822 rae
259 2732 468 2850 quaedam
485 2735 611 2821 obelo
633 2734 871 2840 transfixae,
899 2721 1110 2821 rarissime
1132 2767 1270 2822 erasae

171 2894 290 2974 sunt,
317 2870 628 2955 remanentibus
654 2870 947 2974 nihilominus,
969 2872 1270 2972 sufficientibus

173 3004 338 3093 adeam
361 3001 702 3117 dignoscendam,
724 3006 942 3090 atramenti
961 3005 1152 3116 vestigiis.
1173 3005 1268 3090 Mu-

170 3142 272 3226 tatio
289 3140 429 3238 literae
449 3170 473 3224 a
493 3139 626 3254 prima
642 3169 768 3238 mann
784 3139 958 3253 scriptae
981 3142 1022 3224 in
1048 3139 1171 3223 aliam
1195 3137 1268 3224 ad-

163 3272 260 3358 ·dito
283 3273 350 3368 ,vel
366 3289 526 3372 mutato
548 3270 676 3360 ductu
691 3275 859 3375 nonnisi
879 3309 975 3360 vers.
998 3306 1024 3391 9
1048 3273 1123 3358 nbi
1144 3284 1266 3384 drog-

170 3437 307 3505 mooa
324 3437 403 3494 sec.
421 3439 548 3533 manu
568 3409 609 3492 in
629 3415 797 3528 grassma
817 3447 869 3482 =
883 3444 1087 3520 grummo,
1108 3434 1149 3494 et
1167 3446 1265 3496 vers.

170 3547 238 3646 65,
257 3543 330 3628 ubi
351 3552 490 3629 diritos
501 3545 542 3627 in
564 3552 926 3654 digitos-(mutatum
949 3567 1023 3648 est,
1039 3537 1179 3630 locum
1192 3547 1265 3629 ha-

166 3677 252 3764 bet.
269 3677 411 3769 Tertia
428 3707 575 3764 manus
596 3680 721 3771 unico
738 3681 781 3764 in
800 3677 895 3764 loco
917 3707 965 3762 cx
983 3693 997 3784 t
1013 3671 1204 3764 formavit
1212 3719 1263 3789 y,

167 3816 328 3898 versssa
351 3812 394 3898 i‘n
411 3841 572 3924 myrteo·
585 3827 722 3904 Verso
739 3843 818 3926 127
833 3815 1003 3926 signarus
1014 3834 1094 3914 eb!
1105 3815 1168 3898 his
1188 3843 1262 3900 vo·

165 3948 284 4032 cibus
305 3929 520 4061 imposita:
