2950 4810
235 437 294 488 ,tor
312 405 458 501 satorque,
478 445 546 501 quos
566 443 615 498 ego
630 441 711 498 saepe
725 425 784 480 eidi
797 421 935 498 scalprum
950 427 979 480 in
998 423 1105 480 eoelum
1121 422 1266 492 tollentes,
1279 427 1333 480 ad-

233 517 335 586 ,jurare
348 516 378 568 in
391 516 454 587 ipso
471 513 578 587 scalpro
593 515 683 567 omnia
700 512 756 566 sibi
770 515 891 586 reposita
911 533 989 568 esse:
1008 532 1061 568 nec
1075 521 1167 566 umen
1180 512 1234 568 boc
1250 516 1332 587 ipsos

233 602 364 663 «abducit
380 603 414 656 ab
442 600 539 672 elogiis
562 609 590 654 et
610 599 768 656 latrantium
792 611 819 654 et
842 610 948 654 tantum
968 619 1026 656 non
1040 601 1234 656 mordentium.
1253 603 1332 656 Haec

233 693 359 752 «occasio
378 691 538 746 servitutem
551 689 681 761 majorem
694 691 855 754 constituit,
875 688 1023 742 extrudens
1036 709 1051 742 a
1062 687 1191 744 libertate
1206 709 1263 754 eos,
1279 694 1332 764 qni

230 775 433 852 «a‘parentibus
452 784 589 841 veneunt,
607 793 664 830 non
680 785 712 829 ut
725 779 796 849 ipsis
818 778 938 849 pretium
963 775 1053 830 arcula
1079 779 1212 850 accipiat,
1232 776 1283 832 sed
1295 789 1331 832 ut

230 868 391 940 «pecuniam
403 865 515 918 videant
532 865 567 918 ad
581 865 736 917 festinantis
756 864 894 919 dexteram
907 865 1088 918 venientem.»
1108 861 1247 936 Hactenus
1265 885 1330 918 eru-

228 957 303 1008 ditus
319 954 423 1006 Zosimi
440 957 593 1024 interpres5
615 955 703 1006 fateor
717 962 807 1006 tamen
823 973 866 1005 me
890 951 1001 1007 omnino
1021 970 1078 1005 non
1094 952 1187 1006 videre
1209 971 1330 1026 quonam

226 1052 308 1115 pacto
324 1038 458 1112 vectigal,
478 1039 554 1114 quod
572 1039 727 1100 «lustralem
747 1043 805 1094 auri
822 1040 1013 1094 collationem!
1029 1048 1112 1094 vocat
1130 1041 1222 1094 Codex
1237 1041 1329 1094 ΤῘκο-

228 1132 368 1192 dosianus,
387 1148 401 1179 a
422 1126 640 1200 «Chrysargyros’
661 1129 798 1183 diversum
813 1129 990 1201 fuerit‚prius
1009 1129 1082 1180 enim
1093 1126 1239 1200 publicum
1252 1137 1281 1181 et
1295 1137 1331 1181 ut

227 1219 265 1270 ita
282 1216 371 1269 dicam
388 1215 549 1280 officiosum,
568 1219 707 1289 posterius
724 1215 829 1270 triviale
841 1217 964 1289 ejusdem
974 1217 1122 1270 exactionis
1139 1233 1240 1269 nomen
1256 1217 1328 1269 iuis·

227 1323 256 1357 se
273 1304 408 1358 concedas
424 1322 538 1357 necesse
555 1315 613 1373 est3
634 1315 661 1358 et
675 1325 691 1358 a
704 1306 805 1358 scortis
822 1314 896 1357 certe
910 1302 994 1358 simul
1015 1312 1043 1357 et
1067 1301 1182 1356 exoletis
1199 1302 1326 1375 penden-

227 1392 294 1444 dum
308 1393 393 1444 fuisse
411 1391 543 1463 vectigal,
562 1413 576 1444 a
593 1412 647 1466 quo
663 1394 799 1445 neminem
815 1393 927 1446 omnino
943 1391 1116 1455 mortalium,
1134 1411 1149 1444 a
1163 1392 1260 1463 primis
1281 1411 1327 1444 re-

226 1481 273 1551 gni
280 1479 484 1550 magistratibus
500 1490 527 1533 et
544 1480 619 1533 aulae
633 1482 823 1552 imperatoriae
838 1480 981 1542 ministris,
998 1478 1037 1540 ad¹
1050 1497 1097 1532 eos
1112 1495 1200 1550 usque
1215 1479 1262 1551 qui
1279 1497 1328 1530 ex-

168 1591 171 1598 ·
225 1579 310 1620 trema
325 1575 486 1640 paupertate
502 1570 629 1641 oppressi
646 1569 719 1640 stip'c
732 1567 911 1631 victitabant,
930 1568 955 1619 si
971 1576 1063 1619 tamen
1075 1564 1224 1620 monachos
1241 1584 1325 1640 quos·

226 1656 288 1708 dam
302 1647 436 1728 excipias,
455 1656 509 1708 imo
527 1675 578 1709 nec
597 1675 677 1709 canes
695 1665 723 1708 et
738 1655 858 1727 jumenta
875 1658 1006 1726 immunia
1026 1655 1111 1708 fixisse
1129 1662 1252 1716 constat,
1268 1672 1325 1706 uno

225 1763 271 1796 ore
285 1745 434 1816 scriptores
449 1742 626 1815 praedicant,
645 1746 669 1797 si
683 1745 853 1797 Priscianum
869 1752 994 1797 nostrum
1006 1741 1107 1805 demas,
1127 1742 1175 1815 qui
1188 1750 1279 1793 temen
1297 1751 1325 1792 et

224 1833 375 1886 instatere.
392 1837 444 1888 223
460 1849 547 1904 -227
565 1830 614 1882 ubi
630 1831 664 1883 de
680 1831 805 1884 trucibus
821 1832 851 1883 in
859 1830 941 1884 Circo
949 1829 1153 1893 venationibus,
1168 1827 1326 1882 bominum-

225 1938 277 1993 que
291 1939 354 1971 cum
371 1920 436 1970 feris
450 1920 567 1990 pugnis,
580 1918 613 1970 ab
630 1920 773 1992 Anastasio
791 1920 950 1990 suppressis
967 1917 1098 1991 loquitur,
1116 1916 1224 1970 ludicra
1243 1935 1326 1989 quae-

226 2005 288 2057 dam
306 2013 333 2056 et
343 2004 463 2058 libidine
480 2004 562 2076 plena
574 2005 732 2078 spectacula
751 2004 784 2057 ab
804 2003 901 2058 eodem
917 2007 1073 2077 proscripta
1087 2005 1174 2057 fuisse
1184 2042 1192 2067 ,
1212 2002 1325 2058 silentio

225 2093 363 2164 praeterit.
384 2092 456 2144 Hinc
485 2094 566 2144 etiam
588 2097 679 2146 minus
695 2092 787 2166 placet
805 2093 948 2163 ingeniosa
967 2094 1131 2161 Gothosredi
1153 2090 1326 2162 conjectura,

226 2181 272 2254 qui
291 2185 320 2232 in
336 2185 528 2233 commentario
545 2183 584 2234 ad
598 2183 704 2237 Codicis
713 2181 986 2236 sseodosiuniXIII.
1000 2186 1041 2235 tit.
1060 2202 1084 2237 1.
1100 2182 1133 2232 de
1146 2182 1257 2232 lustrali
1269 2182 1328 2232 col·

226 2270 346 2328 latione,
364 2268 677 2344 edit.Marvittii,Lugd.
698 2274 767 2328 1665
782 2284 846 2323 tom.
860 2271 896 2326 V.
909 2291 975 2342 pag.
988 2275 1005 2327 5
1019 2270 1096 2341 apud
1109 2270 1250 2322 Zosimum
1266 2269 1284 2319 l.
1301 2287 1325 2319 c.

225 2357 366 2434 ἑταίρους
383 2381 434 2435 pro
455 2357 577 2437 ἑταίρας
594 2363 742 2436 legendum
759 2373 855 2436 putat;
874 2367 912 2416 ita
934 2373 1040 2416 utnon
1063 2361 1097 2415 de
1117 2360 1326 2426 meretricibus,

228 2456 278 2509 sed
294 2456 331 2509 de'
347 2459 496 2528 operariis,
516 2461 563 2531 qui
583 2477 665 2511 manu
689 2461 793 2513 victum
818 2457 1001 2532 quaerebant,
1018 2456 1106 2510 veluti
1119 2454 1210 2528 figulis
1225 2465 1272 2508 aut
1286 2457 1328 2508 sa-

226 2544 287 2604 bris¹
301 2563 391 2599 sermo
408 2546 462 2597 sit:
481 2548 567 2600 miror
581 2555 672 2600 tamen
689 2564 825 2599 summum
838 2547 981 2616 Heraeum
997 2549 1026 2597 in
1044 2558 1100 2598 not.
1116 2549 1174 2598 crit.
1191 2545 1229 2598 ad
1243 2546 1327 2598 Zosi-

180 2666 184 2674 ·
226 2651 299 2684 mum
311 2652 377 2704 pag.
398 2635 448 2690 165
466 2652 498 2686 ex
516 2653 548 2687 eo
565 2634 750 2706 potissimum,
769 2632 844 2705 quod
860 2631 930 2684 nibil
945 2631 979 2684 de
991 2629 1176 2703 Chryrargyro
1192 2634 1325 2704 operariis

225 2726 357 2796 imposito
377 2735 494 2791 constet,
510 2736 538 2780 et
548 2747 585 2780 ex
600 2727 708 2798 adjecto
728 2717 905 2796 decrestis,
923 2736 1061 2799 receptam
1074 2721 1222 2779 lectionem
1237 2729 1325 2794 tueri;

226 2817 338 2872 alteram
351 2805 416 2873 vero
437 2803 604 2874 Gothoiredi
621 2811 823 2894 conjecturam,
842 2841 894 2894 qua
922 2822 1062 2874 Zosimnm
1077 2819 1161 2893 ¹putat
1183 2823 1212 2874 in
1234 2821 1326 2875 taber-

224 2910 309 2961 nariis
323 2909 341 2960 i.
361 2927 383 2960 e.
399 2906 525 2960 tabernas
543 2911 736 2980 negotiatorias
759 2908 948 2962 exercentibus
974 2907 1082 2981 lapsum
1098 2910 1199 2974 fuisse,
1218 2908 1326 2963 cumbi

227 2994 443 3067 Chrysargyrum
456 2995 603 3061 solverint,
620 2995 677 3052 ¹non
691 3017 755 3051 vero
773 2998 946 3060 meretrices,
964 2995 1178 3051 tolerabiliorem
1199 3017 1324 3070 pronun·

225 3084 308 3134 tiore:
329 3085 392 3135 cuni
407 3092 498 3135 tamen
517 3087 649 3155 operariis
666 3103 751 3157 aeque
768 3103 798 3137 ac
812 3083 973 3138 tabernariis
990 3093 1018 3138 et
1036 3084 1219 3138 meretriculis
1234 3087 1323 3140 vecti·

226 3169 270 3240 gal
284 3169 336 3223 boc
353 3172 513 3242 impositum
527 3171 627 3236 fuisse,
642 3173 806 3243 scriptores,
823 3191 937 3244 quorum
951 3172 1013 3225 loca
1028 3191 1109 3243 supra
1122 3174 1234 3226 recitata
1248 3183 1322 3239 sunt,

226 3255 337 3311 disertis
353 3258 444 3312 verbis
460 3267 604 3312 testentur.
626 3260 684 3329 Csr
698 3260 877 3327 Assemanum
889 3261 1018 3316 Bibliotlr.
1034 3266 1129 3313 orient.
1144 3274 1208 3314 tom.
1218 3263 1242 3314 Ι.
1254 3281 1321 3334 pag.

226 3347 287 3403 268·
306 3348 448 3400 Zonaram
464 3348 537 3400 Libr-
559 3347 640 3401 XIV.
654 3367 720 3419 pag.
732 3355 767 3412 34
782 3361 808 3400 et
827 3341 1023 3421 Glycum'pag.
1038 3353 1099 3404 226.
1117 3379 1154 3390 -
1172 3351 1322 3402 Tillemon-

226 3437 294 3485 tium
307 3434 368 3486 bist.
383 3437 429 3487 des
443 3453 540 3506 emper.
555 3447 619 3486 tom.
630 3435 661 3490 V
657 3437 681 3487 I.
691 3455 756 3507 pag.
764 3440 815 3498 541
836 3455 850 3488 e
869 3437 983 3490 Cedreni
996 3442 1047 3488 loe.
1058 3441 1103 3488 eit.
1120 3433 1222 3508 duplex
1231 3433 1320 3508 Chry-

227 3522 330 3591 sargyri
347 3539 430 3591 genus
448 3519 481 3574 ab
496 3523 639 3576 Anastasio
655 3521 793 3586 sublatum
807 3525 901 3587 baisse,
922 3522 1018 3575 elicere
1034 3522 1170 3577 volentem
1179 3563 1187 3588 ,
1204 3526 1322 3596 graviter

228 3627 288 3661 esse
303 3606 427 3680 lapsum,
446 3611 553 3663 monuit
568 3611 746 3666 Villoisonius
762 3612 886 3664 anecdot.
901 3631 992 3683 graec.
1010 3625 1073 3664 tom.
1089 3613 1129 3663 ΙΙ.
1142 3631 1207 3684 pag.
1220 3616 1264 3669 ὄθ-
1283 3641 1321 3652 -

228 3689 347 3752 Tributo
366 3695 419 3749 boe
442 3695 569 3759 sublato,
593 3700 677 3750 sacris
695 3695 888 3768 largitionibus
911 3697 1015 3751 reditus
1035 3698 1068 3751 de
1082 3701 1195 3771 proprio
1213 3698 1320 3752 submi·

227 3787 358 3838 nistrasse
374 3786 546 3837 anastasium
560 3793 675 3838 testatur
697 3787 809 3840 Malaia
832 3787 891 3837 libr.
906 3787 985 3840 XIV.
1004 3788 1067 3841 edit.
1086 3789 1181 3842 Vener.
1197 3801 1260 3840 tom.
1276 3789 1317 3840 11.

225 3902 290 3956 pag.
299 3891 343 3946 41.
364 3879 442 3953 Quid
457 3899 521 3936 vero
534 3880 637 3964 fuerint
651 3899 741 3934 sacrae
750 3879 799 3933 hae
814 3869 973 3952 largitiones
992 3881 1085 3961 (seina
1100 3879 1319 3960 λαργιτίωνες)
