2950 4810
750 249 800 324 dd

228 411 324 486 ..plena
339 421 381 464 est
396 419 520 464 comeatu
537 408 612 464 urbs.
631 441 667 452 —
685 407 790 462 Similis
807 410 863 461 fere
883 408 1019 464 calamitas
1036 410 1117 460 etiam
1131 407 1320 468 Alexandriam
1342 451 1353 463 .

228 500 404 572 ..occupavit3
423 499 505 551 turris
524 498 596 549 enim
613 495 748 569 praealta,
767 501 893 572 antiquae
911 515 980 568 opus
1003 492 1152 560 felicitatis,
1167 497 1197 549 in
1215 514 1320 550 summo

228 598 326 660 ..portu
340 603 504 656 exsurgens,
524 583 659 637 excitabat
680 583 831 650 flammam,
850 606 882 638 er
900 585 966 637 mari
985 581 1195 637 adventantibus
1220 583 1320 638 saluta-

226 696 313 740 «rem,
333 672 490 729 consoletur
505 673 578 725 enim
595 671 658 725 illos
668 712 676 737 ,
695 675 744 746 qui
755 693 805 746 per
826 693 899 726 mare
920 673 1048 738 veniunt,
1067 671 1163 724 urbem
1179 671 1321 738 indicans,

225 773 269 825 «et
283 764 319 818 ad
342 763 416 816 illam
439 763 576 832 aspiciens
592 759 773 832 gubernator,
798 761 934 834 dirigebat
954 763 1060 824 navim,
1086 779 1199 836 eamque
1224 779 1321 816 secure

225 852 325 914 «salvat
352 851 385 903 ab
411 847 579 902 instantibus
604 848 752 921 periculis,
781 860 877 904 nautae
902 869 966 906 vero
986 846 1145 921 spectaculo
1169 848 1320 920 gaudentes

223 939 391 1013 «plaudunt,
411 947 439 990 et
456 937 607 991 ostendunt
623 937 678 1003 sibi
692 939 825 1004 invicem,
843 958 873 992 se
890 937 985 992 urbem
1000 947 1093 990 tenere
1108 939 1319 1004 annuntiantes,

153 1023 155 1033 ’
223 1037 307 1087 ..etat
323 1024 486 1098 simpliciter
503 1025 601 1090 dicam,
610 1025 738 1096 gaudium
747 1027 829 1080 simul
844 1037 871 1080 et
884 1026 999 1080 salutem
1013 1024 1224 1080 advenientibus
1240 1046 1320 1099 prae·

223 1115 294 1175 abet.
314 1115 391 1166 Hanc
408 1132 471 1183 ergo
486 1131 558 1165 mare
575 1113 612 1167 ad
626 1124 732 1186 tergum
746 1114 866 1179 alluens,
886 1125 913 1168 et
927 1113 1033 1167 nudans
1050 1114 1149 1166 sensim
1165 1116 1321 1192 munimen-

222 1206 283 1266 ..tis,
301 1209 397 1273 parum
412 1199 516 1269 abfuit;
537 1204 603 1275 quin
619 1201 758 1267 diruisset,
769 1205 964 1277 evertissetque
980 1199 1113 1254 funditus.
1135 1200 1192 1254 Sed
1205 1222 1319 1276 praeve-

158 1293 160 1298 “
223 1291 305 1350 ..nisti
322 1288 500 1342 calamitatem
519 1287 641 1354 medela,
659 1289 876 1362 infringibilibus
894 1293 974 1356 enim,
986 1299 1013 1343 et
1026 1288 1070 1342 vel
1084 1309 1146 1342 cum
1162 1292 1224 1361 ipso
1240 1292 1320 1343 inex-

220 1375 379 1450 ..pugnabili
399 1379 466 1430 mari
484 1396 604 1450 pugnare
616 1377 772 1432 valentibus
788 1380 964 1432 munimentis
991 1375 1146 1442 obvallare,
1164 1376 1320 1431 immortale

221 1465 386 1526 ..reddidisti
399 1464 462 1518 urbi
477 1465 589 1530 ¹honum.
607 1497 644 1508 -
662 1466 719 1520 Sed
735 1467 802 1540 quid
816 1467 900 1520 refert
913 1484 1055 1523 recensere
1070 1484 1120 1538 per
1135 1465 1243 1537 singula
1256 1485 1319 1518 mn-

221 1573 299 1618 ..ros,
319 1564 347 1607 et
357 1562 470 1625 portus²
489 1551 729 1629 aedificiorumque
745 1564 915 1610 venustatem
934 1564 962 1608 et
978 1556 1156 1626 pecuniarum
1173 1553 1317 1606 abundan-

220 1644 318 1706 «tiam,
337 1644 366 1695 in
381 1643 470 1698 vietus
487 1643 722 1714 praeparationem
737 1643 907 1717 impensam?
928 1642 1006 1716 Quid
1022 1661 1086 1695 vero
1104 1644 1236 1696 maximus
1251 1641 1316 1706 ille,

220 1741 263 1790 ..et
280 1749 389 1784 omnem
402 1730 596 1800 cogitationem
613 1730 747 1783 excedens
760 1730 874 1784 murus?
894 1733 940 1804 qui
951 1750 1001 1804 per
1008 1739 1093 1782 totam
1103 1727 1234 1782 Thraciae
1253 1749 1316 1802 par-

219 1829 291 1878 «tem
307 1819 440 1879 ductus‚a
454 1818 522 1869 mari
536 1819 566 1868 in
578 1837 651 1870 mare
660 1818 844 1889 protenditur,
859 1817 983 1872 barbaris
997 1815 1178 1891 praecludens
1195 1818 1315 1872 invasio·

219 1925 313 1969 «nem,
333 1909 486 1959 et'omuem
499 1903 620 1957 hostium
636 1906 780 1959 retrudens
795 1909 1005 1978 aggressionem,
1023 1909 1061 1959 ita
1076 1915 1108 1959 ut
1122 1914 1250 1977 respectu
1263 1903 1314 1958 hu·

219 1993 276 2064 ..jus
294 1996 375 2046 etiam
393 1991 440 2044 ille
455 1990 650 2045 Themistoclis
667 2011 760 2046 murus
777 2013 875 2066 parvus
896 2013 957 2048 esse
975 1994 1115 2057 videatur,
1134 2001 1225 2046 tautae
1242 1995 1313 2046 enim

217 2091 276 2142 ..est
290 2080 463 2144 latitudinis,
483 2089 514 2132 ut
531 2079 600 2132 duos
616 2099 711 2132 currus
726 2083 811 2146 ferat,
839 2083 945 2136 etiarnsi
962 2085 991 2135 in
1014 2081 1180 2136 contrarium
1201 2080 1314 2134 11111111-

218 2172 321 2229 «vieem
338 2176 521 2223 occurrerent.
542 2167 652 2239 Opinor
667 2176 756 2221 autem
772 2170 934 2234 Homerum,
953 2171 978 2223 si
996 2180 1161 2242 superesset,
1178 2180 1205 2225 et
1218 2169 1312 2226 talium

217 2276 347 2327 ..operum
363 2257 577 2310 constitueretur
590 2263 753 2328 spectator,
774 2256 946 2312 deserentem
967 2259 1034 2310 iram
1058 2256 1191 2323 Achillis,
1214 2268 1242 2311 et
1263 2260 1313 2312 im-

217 2344 335 2416 «pletam
360 2345 450 2397 navim
471 2363 566 2407 unam,
585 2363 666 2416 saepe
689 2342 734 2399 hic
752 2347 878 2399 invocare
897 2345 1006 2410 Musas,
1024 2366 1059 2398 ne
1083 2345 1311 2418 poeticadefioe-

219 2441 276 2492 ..ret
293 2430 458 2506 eloquentia,
467 2429 504 2484 ad
519 2431 680 2503 dignitatem
687 2431 784 2487 horum
795 2454 908 2504 operum
918 2434 1145 2506 exprimendam.»
1162 2435 1220 2488 cfr.
1232 2436 1312 2486 etiam

215 2520 249 2572 de
263 2518 395 2573 aedificiis
413 2518 447 2572 ab
461 2522 604 2596 Anastasio
615 2523 777 2573 exstructis:
793 2524 957 2592 Procopium
967 2523 1079 2576 Caesar.
1095 2525 1222 2592 decedis?
1238 2525 1310 2576 Libr.

213 2609 266 2661 W.
283 2629 343 2678 cap.
362 2629 387 2682 9.
405 2629 470 2679 pag·
485 2611 528 2664 86·
545 2609 695 2680 Evagrium
715 2611 790 2674 Lide.
808 2610 865 2662 ΙΙΙ.
882 2631 941 2681 cap.
960 2617 1007 2684 39.
1026 2611 1089 2675 edit.
1107 2616 1151 2664 eit.
1166 2631 1231 2683 pag.
1248 2619 1309 2683 371.

212 2685 327 2780 Saidam
352 2722 416 2756 voce
433 2701 629 2758 Ἀναστάσιος
648 2705 710 2757 edit.
733 2709 776 2773 cir,
801 2693 864 2759 tom.
882 2707 904 2758 Ι.
927 2710 1060 2777 pugilis
1083 2719 1109 2758 ea
1130 2725 1194 2758 voce
1212 2704 1311 2775 reipos

214 2813 277 2850 tom.
293 2797 348 2849 [ΙΙ.
363 2817 427 2868 pag.
446 2801 506 2869 457.
528 2797 682 2863 (diatonicon
697 2798 915 2852 Alexandrinum
940 2802 1003 2852 edit.
1027 2801 1126 2852 Rader.
1151 2801 1309 2862 Monaedii,

215 2889 293 2948 1615,
309 2905 374 2956 pag.
394 2888 453 2956 762.
467 2887 608 2937 Zonaram
616 2905 682 2958 pag.
692 2890 734 2942 58.
749 2887 886 2939 Matutam
902 2901 965 2940 tom.
978 2889 1017 2941 ΙῙ.
1031 2908 1096 2959 pag.
1106 2873 1156 2950 ⁴46.
1174 2889 1310 2961 Congium

215 2973 422 3044 Constantinop.
436 2973 526 3026 christ.
543 2987 568 3027 2.
582 2992 648 3046 pag.
665 2981 714 3033 114
735 2987 761 3024 et
782 2975 892 3026 Petram
902 2977 1024 3046 Gylliam
1042 2977 1249 3047 Constantinop.
1268 2992 1309 3029 to-

211 3061 346 3132 pograph.
363 3061 436 3113 Libr.
454 3059 494 3111 ῙῙ.
509 3079 569 3128 cap.
585 3076 628 3116 21.
642 3093 677 3101 -
694 3059 785 3114 Etiam
798 3061 1068 3135 Constantinopolim
1088 3061 1215 3134 pluribus
1233 3065 1308 3119 aedi-

211 3147 281 3201 liciis
307 3149 413 3202 ornavit
429 3148 597 3200 Anastasius.
616 3145 750 3199 Palatium
772 3149 977 3220 imperatorium
995 3152 1121 3205 confecto
1138 3150 1212 3205 bello
1232 3154 1308 3205 Isau-

212 3236 270 3288 rico
286 3235 462 3298 restauravit,
478 3235 530 3288 vid.
546 3239 713 3308 epigramma
726 3249 802 3287 vetus
817 3240 846 3290 in
860 3241 987 3292 Branekii
1002 3243 1118 3292 analect.
1128 3262 1224 3311 graec.
1243 3255 1307 3294 tona.

210 3325 266 3376 ΙΙΙ.
279 3344 344 3396 pag.
364 3330 413 3381 135
431 3337 457 3376 et
472 3324 547 3394 apud
553 3323 709 3376 Bosselaium
724 3325 835 3377 tom.II.
848 3346 913 3398 pag·
924 3331 984 3383 515.
1004 3329 1155 3381 cedrenum
1169 3349 1233 3402 pag.
1245 3337 1306 3386 322.

212 3422 240 3464 et
257 3411 305 3464 cfr.
322 3412 457 3464 Bandurii
466 3413 561 3483 optim.
572 3411 660 3462 christ.
679 3425 734 3471 tom
758 3414 797 3464 Π.
809 3433 875 3486 pag.
892 3418 951 3471 851.
961 3417 1105 3486 Heyneum
1122 3420 1149 3468 in
1158 3419 1305 3470 Commeat.

211 3514 275 3554 tom
293 3499 343 3552 XI.
357 3521 421 3572 pag.
437 3513 490 3572 279
507 3507 534 3550 et
548 3499 682 3570 imprimis
691 3501 847 3553 Jaeobaium
861 3504 897 3554 ad
905 3503 1053 3575 Antholog.
1069 3523 1161 3590 graec.
1177 3517 1239 3557 tom.
1253 3506 1305 3558 XI.

209 3607 274 3658 pag.
296 3589 356 3643 260·
382 3586 536 3640 Cisternam
557 3585 715 3639 Mocensem
738 3589 927 3653 resuscitavit,
953 3599 1023 3643 teste
1043 3593 1156 3645 Zonara
1180 3607 1242 3646 tom.
1264 3595 1304 3646 Π.

210 3703 274 3754 pag.
291 3683 333 3738 56.
348 3681 435 3734 Saida
452 3702 515 3735 uoce
532 3659 728 3738 4Ἀναστάὸιος
749 3698 813 3738 tom.
828 3687 852 3738 I.
876 3705 942 3758 pag.
965 3691 1013 3744 182
1038 3700 1064 3738 et
1083 3688 1187 3742 Codiao
1206 3693 1303 3760 origin.

213 3779 418 3844 constantinop.
434 3795 498 3849 pag.
514 3782 568 3840 50,
586 3787 697 3850 portum
713 3789 803 3832 antem
816 3799 959 3852 repurgare
974 3780 1065 3853 jussit,
1083 3792 1207 3835 narrante
1222 3785 1303 3837 Mar-

211 3868 306 3918 cellino
322 3865 426 3922 Gemite
442 3885 506 3938 pag·
524 3871 573 3934 511
595 3865 672 3934 «Iud.
691 3867 726 3918 ll.
747 3865 912 3954 Opportune
927 3869 986 3924 solo
997 3869 1125 3936 Consule,
1140 3881 1236 3944 portus
1252 3873 1301 3925 Ju-
