2908 4814
584 287 767 392 ...3¹2³-

120 446 287 500 latitndini's.
307 447 367 504 Sed
381 447 415 500 de
433 448 539 502 fabrica
552 449 712 524 amphorae,
732 450 907 526 quadrantis,
926 452 991 508 cohi
1006 453 1067 526 lege
1082 454 1222 508 Budaeum
1300 437 1305 450 ⁵

95 524 245 591 'librov
263 534 299 588 de
317 555 396 600 asse,
415 545 443 590 et
459 537 610 608 Georgium
623 539 778 610 Agricolam
802 539 837 593 de
855 527 1035 595 restituendis
1049 542 1221 614 ponderibus

122 631 150 676 et
162 625 424 678 mensurrsrnrfine
442 626 568 680 Vtrae.

192 711 272 766 Vere
277 717 333 771 61·
351 717 493 788 Quattuor
502 728 528 768 et
541 715 659 768 medium
673 717 797 788 quadris,
813 716 892 770 Cod.
901 715 969 770 Boh.
985 718 1081 790 Regin.
1090 720 1118 774 S.
1128 719 1220 774 Germ.

121 798 375 872 GuelpherB.1.--
393 806 534 877 Quartum
548 824 582 856 er
598 805 712 876 quadris
728 807 856 868 medium,
870 803 942 858 End.
952 806 1049 859 Venet.
1060 807 1137 879 Lips.
1152 807 1222 861 Cae-

118 908 172 942 sar.
192 889 289 942 const.
306 889 396 944 Burm.
410 923 446 936 ι·
464 896 605 966 Quattuor
627 905 654 944 et
675 893 788 965 quadris
805 895 939 984 medium,
964 893 1037 948 Cod.
1060 893 1178 968 Guelph.
1195 911 1221 951 ι

119 977 173 1032 Ed.
189 978 323 1032 Wernsd.
940 999 943 1007 ·

193 1065 306 1138 Quadra
322 1067 424 1120 dicitnr
441 1064 526 1139 figura
541 1076 660 1140 ¹quntum·
670 1066 754 1120 lineis
769 1065 813 1120 vel
827 1065 960 1122 lateribus
976 1067 1097 1134 incluse,
1118 1078 1149 1123 nt
1166 1072 1221 1123 Au-

120 1173 180 1209 son.
196 1155 226 1208 in
239 1155 311 1208 Mos.
327 1173 396 1208 vers.
412 1162 474 1211 312.
489 1156 609 1226 pyramis
628 1154 745 1210 dicitnr:
767 1153 887 1228 «quadro
912 1173 983 1210 cono
1000 1173 1113 1228 surgens
1136 1160 1166 1211 in
1180 1159 1222 1212 la-

118 1244 226 1314 stigie.»
246 1244 284 1296 Et
294 1242 357 1296 vide
373 1242 470 1296 Sereni
484 1242 636 1308 Murenam,
652 1262 723 1298 vers.
739 1249 783 1317 49.
812 1243 951 1316 Quoniam
973 1244 1101 1318 amphora
1121 1248 1221 1302 Roma-

119 1351 218 1386 norum
235 1329 380 1384 constabat
404 1337 521 1402 quatuor
545 1330 674 1404 quadris,
692 1329 852 1406 aequalibus
869 1328 992 1400 angulis,
1003 1335 1111 1406 pedem
1133 1345 1221 1389 roma-

119 1439 186 1474 num
201 1421 231 1472 in
245 1417 368 1490 longum,
387 1415 473 1470 latum
489 1427 517 1472 et
529 1418 614 1472 altum
628 1417 742 1484 habens,
752 1417 818 1472 hinc
833 1419 914 1472 etiam
927 1417 1071 1475 dicebatur
1086 1423 1221 1497 quadran-

118 1506 158 1560 tal
178 1505 319 1560 etcubus.
338 1507 503 1561 Wrarsn.

111 1631 114 1636 -
190 1596 268 1651 Vers.
280 1598 328 1652 6ι
348 1594 507 1666 Amphora,
519 1593 647 1648 Ede.-
665 1595 817 1668 Anphora,
833 1594 904 1648 cod.
918 1592 985 1650 Boh.
1004 1594 1055 1649 sed
1069 1615 1133 1690 mox
1148 1617 1217 1652 vers.

117 1688 161 1742 65.
175 1684 325 1755 Amphora

179 1768 649 1846 ιῙῖιι.·ιι6ιιι,Ει1(1.·----ῄιιιι]ἰιι,
674 1769 745 1823 Cod.
762 1767 869 1822 Thoan.
893 1769 945 1822 Ed.
962 1771 1060 1824 Venet.
1076 1773 1219 1843 prino.-

115 1859 151 1932 fit
167 1862 257 1924 cibas,
273 1857 343 1912 Coel.
359 1859 455 1928 Regina
469 1887 506 1902 -
509 1859 551 1932 fit
565 1861 649 1932 cybus
660 1859 721 1920 hie,
742 1857 813 1911 Cod.
829 1857 898 1912 Boh.
914 1859 955 1910 aio
975 1860 1056 1912 etiam
1072 1860 1136 1912 infr.
1148 1878 1217 1914 vers.

121 1952 180 2022 195.
198 1949 275 2020 eriri,
286 1966 338 2019 pro
354 1949 422 2000 cubi.

189 2055 292 2109 qaam,
308 2034 377 2088 Codr
392 2023 460 2088 Boh'.
478 2032 551 2087 Edd.
568 2031 607 2106 pt
623 2055 660 2076 -·-
676 2053 757 2107 quem
765 2066 781 2097 ι
798 2032 851 2088 Ed.
867 2034 957 2087 Βιιιιιι.
970 2057 1007 2080 -ι-
1024 2035 1057 2086 Ιιι
1072 2033 1144 2088 Edd.
1162 2035 1217 2089 Ve·
1308 2039 1310 2044 ’

118 2131 175 2176 net.
194 2131 222 2176 et
235 2123 315 2194 Lipsa
329 2120 428 2176 lacuna
443 2130 500 2176 esta
521 2121 679 2193 «Amphora
688 2124 730 2196 fit
744 2125 844 2176 cubus.
855 2162 861 2175 .
872 2162 878 2175 .
890 2153 913 2175 ,a
933 2143 968 2177 rte
981 2125 1084 2176 violare
1099 2127 1215 2177 liceret.»

189 2211 295 2264 Locum
306 2207 380 2264 hunc
396 2209 542 2282 explicavit
553 2209 688 2281 Georgius
704 2209 831 2282 Agricola
844 2209 916 2264 libro
931 2213 1023 2285 primd
1037 2211 1071 2264 de
1082 2213 1217 2266 mensuris

118 2300 246 2353 romanis.
264 2297 385 2352 Vrarr.

190 2388 270 2443 Vera.
287 2391 330 2445 65
346 2389 489 2461 Tarpejo
479 2405 508 2440 ιιι
516 2397 615 2438 monte.
632 2386 665 2437 In
677 2393 771 2438 monte
780 2383 948 2458 Cap1tohno
962 2384 1010 2438 nbi
1026 2387 1080 2440 furt
1092 2406 1138 2440 arx
1151 2389 1218 2440 Tar·
1229 2447 1231 2452 ,
1268 2411 1271 2418 ¹

121 2475 183 2548 peja
202 2483 230 2529 et
245 2475 323 2528 lovis
340 2473 493 2546 Capitolini
505 2472 646 2546 templum.
663 2473 787 2527 Vrnar.

134 2604 137 2612 .
192 2563 264 2618 Vide
279 2561 434 2634 Agricolam
448 2560 525 2614 Libr.
542 2561 565 2614 1.
584 2560 619 2614 de
632 2578 751 2614 mensur.
765 2580 827 2633 pag.
844 2566 885 2620 ιθ.
904 2561 1085 2615 Βιιιιιιιιιι.

190 2648 355 2723 Amphoram
377 2647 562 2722 Capitolinam
582 2645 628 2702 hic
648 2658 780 2702 memorat
803 2650 977 2712 Priscianus,
1002 2669 1114 2725 eamque
1134 2649 1218 2714 dicit,

119 2750 256 2812 tamquam
271 2736 407 2809 exemplar
420 2736 508 2809 justae
522 2735 715 2808 legitimaeque
734 2755 891 2802 mensurae,
908 2739 971 2793 Jovi
989 2747 1129 2801 sacratam,-
1148 2741 1218 2790 etin

121 2826 261 2901 Capitolio
274 2809 458 2890 adservatam,
477 2832 509 2878 nt
526 2823 604 2897 quasi
618 2823 662 2876 lex
684 2833 712 2876 et
724 2841 819 2878 norma
837 2827 957 2879 omnium
971 2821 1158 2896 mensurarum
1174 2843 1217 2878 es-

121 2925 181 2980 set,
198 2935 279 2990 quam
295 2912 426 2966 excedere
449 2911 495 2967 vel
509 2909 610 2966 violare
633 2912 865 2983 negotiatoribus,
881 2912 1090 2978 venditoribus,
1109 2922 1217 2966 exacto-

120 3004 199 3059 ribus
215 3021 271 3056 non
286 3002 391 3055 liceret.
415 2999 474 3053 Hac
498 2999 532 3052 de
550 2996 701 3071 Amphora,
719 3009 747 3054 et
762 3002 887 3055 universe
909 2999 943 3053 de
963 3020 993 3054 ea
1016 3019 1080 3053 cura
1095 3009 1217 3056 veterum

122 3095 321 3155 Romanorum,
341 3108 421 3163 quam
444 3086 616 3161 ponderibus
639 3096 667 3142 et
692 3089 826 3141 mensuris
844 3086 957 3162 publice
980 3086 1170 3160 proponendis
1190 3098 1217 3142 et

122 3180 281 3244 servandis,
299 3178 335 3232 ed
350 3194 491 3230 mensuras
507 3177 675 3248 privatorum
687 3175 833 3248 exigendas
850 3184 878 3229 et
895 3175 1082 3248 reprimendas
1097 3176 1217 3242 fraudes,

120 3266 322 3330 adhibuerunt,
337 3263 390 3319 hae
404 3265 548 3320 occasione
563 3262 645 3336 paulo
670 3283 780 3336 agamus
799 3263 975 3336 diligentius,
995 3264 1133 3338 siquidem
1153 3264 1216 3338 plu-

120 3376 164 3412 res
178 3355 296 3410 docti'
270 3373 323 3409 ιιιι
315 3351 391 3407 'hoc
406 3354 541 3410 Prisciani
559 3351 604 3408 vel
616 3355 714 3406 Fannii
730 3352 793 3407 loco
816 3372 867 3425 pro
889 3363 1047 3424 argumento
1072 3353 1154 3406 istius
1176 3358 1216 3408 rei

121 3441 350 3502 demonstrandae
370 3443 414 3496 usi
437 3450 517 3505 sunt,
543 3443 705 3496 nominatim
729 3443 829 3513 Georg.
847 3442 1000 3514 Agricola,
1024 3441 1164 3508 «immone.
1189 3458 1216 3496 et

118 3535 204 3609 pond.
218 3533 293 3586 Libr.
309 3533 333 3585 Ι.
350 3551 415 3603 pag.
431 3535 466 3595 45
492 3532 554 3584 edit.
571 3532 656 3586 Basil.
675 3537 760 3598 15353
783 3532 875 3584 Lucae
897 3533 1015 3592 Paetus,
1034 3531 1069 3582 de
1088 3535 1170 3584 meram
1188 3545 1216 3585 et

120 3623 203 3697 pond.
216 3623 332 3676 Roman.
350 3633 376 3672 et
392 3621 522 3674 Graecor.
531 3621 607 3672 Libri
621 3620 677 3672 ΙΙΙ.
693 3620 920 3672 1s.0asauborrus
937 3619 975 3670 ad
983 3619 1134 3690 Capitolini
1147 3622 1213 3674 Ma-

120 3716 213 3766 aimirn
234 3730 294 3779 cap.
309 3717 351 3778 45
365 3709 427 3762 Jac.
447 3708 634 3775 Gortrrfredur
647 3708 685 3760 ad
698 3703 766 3763 cod.
777 3709 911 3762 ΤΙιεοᾶοι.
922 3709 995 3760 Ltbr.
1005 3707 1073 3760 XII.
1081 3746 1093 3771 ,
1106 3712 1146 3760 tir.
1161 3709 1193 3762 V
1188 3709 1212 3758 I.

120 3803 154 3854 de
169 3812 316 3871 susceptor.
334 3801 386 3869 leg.
401 3817 434 3870 ¹9
451 3809 529 3854 etei,
546 3795 731 3867 Capitolinam
746 3797 906 3868 amphoram
918 3795 1010 3850 vocari
1026 3813 1083 3848 non
1099 3793 1153 3846 olio
1169 3791 1212 3846 lo-

121 3909 154 3942 co
167 3889 294 3952 invenio,
312 3894 421 3959 praeter
434 3883 512 3938 illum
523 3883 607 3960 modo
625 3884 739 3937 citatum
755 3883 823 3938 Jnh'i
839 3882 1007 3954 Capitolini,
1020 3883 1070 3937 uhi
1086 3882 1212 3934 Maximi·

120 3994 187 4030 num
202 3977 338 4030 seniorem
353 3976 391 4028 ait
399 3976 494 4029 bibisse
501 3994 582 4046 saepe
593 3978 622 4028 ιἰι
638 3976 683 4028 die
695 3977 751 4028 vini
766 3975 950 4044 Capitolinam
969 3973 1136 4045 amphoram.
1147 3970 1211 4042 Quo
1286 3997 1289 4000 ·

988 4152 992 4160 .
1095 4071 1114 4128 8
