2908 4814
633 295 702 368 123

572 382 759 400 Ἣ

105 465 171 508 tem
185 455 345 510 continebat
358 458 521 530 quingentos
540 465 567 508 et
583 458 754 536 scptunginta
777 464 840 510 octo
859 455 988 529 cyathos,
1007 479 1064 514 non
1080 463 1212 534 quingen·

105 554 159 597 tos
174 547 347 617 septungintu
363 563 427 609 sex,
446 543 674 618 quemadmodum
689 543 763 617 apud
773 546 918 600 Volusium
926 550 1103 602 Maecianum
1116 552 1150 603 de
1169 571 1215 604 as·

105 654 161 695 se,
177 631 240 688 loco
257 632 323 688 illo:
345 633 539 708 «Quadrautul,
558 631 635 707 quod
646 652 722 686 nunc
731 632 857 707 plerique
872 634 1028 706 amphoram
1042 647 1150 702 vocent,
1163 637 1211 692 he-

108 719 180 781 ..bet
192 741 274 776 urnas
289 740 320 786 2,
339 721 447 776 modios
461 730 494 786 3,
512 721 651 775 semodios
666 725 699 787 6,
718 723 832 792 congios
848 727 880 787 8,
900 727 1031 780 sextarios
1052 730 1107 790 48,
1125 724 1214 780 hemi-

107 827 180 868 «ηας
196 814 247 884 96,
266 812 418 884 quartarios
432 828 499 884 192,
518 807 630 881 cyathos
645 813 712 882 576¹·
730 815 758 864 in
775 811 886 865 Graevii
899 813 1018 868 thesaur.
1039 819 1126 889 antiq.
1146 829 1210 868 tom.

106 893 165 950 XI.
184 901 235 950 col.
253 918 328 971 ¹7¹⁰·
346 900 444 953 vitiose
458 898 567 968 legitur.
609 939 612 944 .
632 960 639 976 .

69 1000 72 1009 ·
184 985 262 1039 Vers.
281 1007 321 1060 77.
340 987 373 1038 ln
394 985 464 1040 cod.
480 984 548 1039 Boh.
572 1005 587 1040 e
608 987 696 1058 prime
712 1003 793 1038 manu
809 989 1035 1059 praetermissus,
1055 991 1165 1044 stertis
1182 991 1212 1043 iu

105 1074 234 1144 margine
250 1072 360 1126 additus
378 1083 427 1128 est.
1112 1123 1117 1132 .

185 1163 226 1216 Ac
244 1177 391 1232 assertum,
405 1161 476 1216 Cod.
487 1159 555 1226 Boh.
572 1161 644 1215 Edd.
659 1193 696 1206 -
713 1161 761 1216 Ad
775 1176 921 1236 myrteum,
940 1164 1012 1220 cod.
1027 1165 1131 1239 Regius

152 1271 159 1286 ·
189 1251 297 1321 cyatln,
316 1249 389 1304 Edd.
406 1281 442 1294 -
456 1255 547 1322 cyati,
561 1250 631 1302 cod.
649 1249 717 1303 Boh.

185 1338 232 1390 sed
245 1343 337 1400 tertia,
353 1336 424 1392 Cod.
441 1337 509 1392 Boh.
524 1371 561 1380 -
578 1353 608 1392 at
621 1343 719 1401 tertia,
732 1337 802 1392 Cod.
819 1335 924 1395 Thuen.
941 1373 977 1384 -
992 1363 1026 1396 ac
1035 1343 1210 1407 tertia,Edd.

183 1431 336 1504 Mystrum,
355 1453 369 1486 e
385 1451 479 1503 graeco
496 1430 651 1506 μύστρον,
670 1433 772 1504 grande
789 1433 922 1491 cochlear.
942 1437 1113 1491 Leuctris.

184 1529 262 1585 Vers.
283 1534 323 1603 78.
343 1531 461 1591 chemcn,
477 1526 549 1580 Edd.
558 1527 596 1600 pl.
609 1528 704 1582 Const.
715 1531 744 1581 in
758 1549 841 1601 marg.
856 1563 892 1573 —
906 1533 1004 1594 chiam,
1022 1532 1092 1586 Cod.
1103 1531 1209 1587 Thoen.

106 1637 278 1688 -gamen,
295 1616 364 1671 cod.
382 1617 477 1688 Regin.
502 1647 539 1660 -
557 1620 676 1679 clemen,
700 1617 770 1672 Cod.
788 1617 856 1671 Boh.
878 1618 929 1672 sed
946 1619 1040 1672 literae
1057 1623 1082 1673 cl
1098 1624 1210 1676 stertis

107 1723 195 1757 runnu
210 1707 238 1758 in
255 1726 345 1760 rasura
362 1706 480 1778 scriptae
498 1713 571 1756 sunt.
580 1737 614 1746 -
623 1727 747 1777 cyanem,
761 1706 833 1759 Edd.
843 1707 940 1761 Venet.
953 1709 1030 1780 Lips.
1042 1706 1102 1760 Col.
1114 1709 1210 1763 Const.

107 1802 142 1851 in
159 1807 223 1852 text.
242 1833 277 1843 —
292 1821 424 1873 cyamon,
448 1798 500 1852 Ed.
522 1800 629 1852 Caesar.
656 1800 712 1854 Cir.
731 1803 859 1858 Vossium
878 1806 916 1856 asi
929 1805 1047 1876 Hesych.
1066 1821 1092 1861 ν.
1104 1802 1211 1882 φήμη,
1300 1819 1305 1828 ’

111 1896 178 1947 edit.
196 1900 238 1949 cit.
255 1911 318 1948 tom.
337 1915 362 1952 2.
382 1899 432 1948 col.
451 1901 527 1952 1551.

186 1984 353 2047 cochlearia,
375 1983 447 2036 Edd.
464 2015 502 2027 -
518 1987 656 2046 coclaria,
681 1983 751 2038 cod.
776 1983 843 2039 Boh.
869 1986 925 2042 vid.
943 1988 1007 2042 infr.
1029 1986 1065 2044 ed
1078 2007 1146 2044 vers.
1165 1995 1209 2050 85.

185 2077 278 2156 Χήμη
297 2091 338 2133 est
353 2091 442 2134 rectus
450 2079 547 2151 hujus3
568 2079 722 2154 quodvarie
732 2091 891 2154 corruptum
899 2083 953 2135 suit
961 2083 990 2136 in
1000 2087 1103 2139 nostris
1121 2105 1210 2140 exem·

110 2172 246 2246 pleribus.
260 2177 304 2228 De
320 2175 422 2230 Cheme
439 2187 467 2230 et
483 2185 588 2248 mystro
604 2174 728 2245 Agricola
742 2173 819 2230 Lihr.
837 2176 887 2230 ΙΙΙ.
904 2178 1031 2233 Virsr.

184 2263 262 2318 Vere.
286 2267 417 2338 67-78.
446 2265 516 2318 Cum
538 2260 581 2316 his
603 2262 801 2334 comparandus
819 2267 922 2403 ‘irioni
942 2269 1113 2339 Hispalensis
1136 2270 1213 2322 iocus

118 2353 214 2424 Origg.
233 2355 291 2405 libr.
307 2354 387 2408 XIV.
408 2373 467 2422 cap.
486 2357 528 2408 25.
545 2350 707 2404 scribentist
729 2351 824 2410 «Mens
859 2372 934 2405 urum
950 2374 1013 2426 pers
1035 2358 1148 2408 minime
1166 2378 1213 2410 co·

116 2442 242 2502 «edicat,
262 2439 338 2513 quod
362 2449 404 2493 est
427 2439 541 2494 dimidie
563 2459 626 2512 pars
650 2439 775 2509 dragmae
796 2438 956 2510 appendens
973 2441 1087 2515 siliquas
1105 2461 1223 2518 novem..

117 2529 192 2600 «Qui
208 2527 362 2601 triplicatus
379 2532 524 2583 conculam
544 2530 618 2582 iacit.
642 2526 765 2582 Concule
786 2525 894 2597 dragma
911 2545 965 2580 una
990 2536 1017 2583 et
1032 2529 1147 2584 dimidia
1162 2532 1211 2585 ad·

117 2613 270 2688 «impletur.
307 2618 406 2688 Cynthi
427 2617 538 2690 pondus
561 2617 656 2672 decem
679 2616 796 2688 dragmis
819 2614 1001 2687 appenditur:
1029 2619 1077 2692 qui
1098 2620 1212 2672 etiams

118 2703 298 2776 «quibusdam
315 2709 443 2758 caniacus
461 2705 570 2758 dicitur.
593 2707 722 2776 Oxisalas
738 2705 768 2757 lit
785 2705 810 2756 si
827 2705 947 2777 quinque
963 2702 1089 2777 dragmae
1107 2691 1212 2760 addan-

118 2801 179 2851 ..tnr
192 2791 227 2844 nd
241 2793 274 2846 X.
290 2793 467 2847 Acitahiclum
484 2803 577 2866 quarta
592 2812 655 2864 pars
673 2791 797 2847 heminae
820 2800 878 2854 est,
897 2793 952 2844 XII
968 2794 1091 2863 dragmas
1107 2813 1212 2870 eppen-

119 2879 212 2940 «dcns.
234 2883 334 2935 Cotula
350 2879 458 2934 homine
475 2891 516 2935 est
528 2879 631 2934 hahens
647 2879 758 2956 cyathos
776 2899 838 2944 sex,
855 2899 922 2954 quae
935 2879 1041 2934 idcirco
1056 2881 1146 2937 cotula
1163 2903 1212 2937 ro-

119 2977 227 3034 «catur,
247 2971 309 3044 quia
332 2989 428 3041 graeco
452 2989 576 3022 sermone
600 2978 660 3022 cote
675 2970 775 3022 incisio
795 2969 915 3033 dicitur,
934 2978 961 3022 et
975 2967 1083 3023 hemina
1100 2972 1211 3024 sextarii

97 3069 100 3072 '
119 3060 163 3117 «in
182 3057 236 3110 duo
252 3077 337 3132 neque
352 3056 486 3111 inciditur
502 3066 530 3110 et
544 3056 662 3111 cotulam
674 3058 749 3110 fecit.
767 3059 886 3112 Hemina
907 3066 995 3110 nutem
1020 3059 1155 3131 appendit
1175 3057 1210 3111 li-

118 3145 210 3208 ..hrum
225 3165 322 3210 uuam,
342 3165 410 3220 quoe
425 3147 557 3217 geminate
576 3146 722 3201 sextarium
737 3146 811 3197 iacit.
830 3146 972 3199 Sextarius
990 3146 1103 3199 duarum
1126 3144 1210 3199 lihru·

118 3252 193 3300 ..rum
210 3242 268 3296 est,
287 3234 393 3306 quibis
409 3243 565 3306 assumptus
583 3232 692 3286 bilibris
708 3234 878 3298 nominatur,
897 3243 1053 3306 assumptus
1069 3243 1165 3307 quater
1180 3235 1211 3288 fit
1291 3263 1298 3284 0

119 3321 241 3380 «Graeco
257 3324 367 3375 nomine
381 3323 509 3384 choenix,
529 3323 674 3396 quinquies
690 3319 869 3393 complicatus
887 3327 1030 3394 quinatum
1045 3323 1102 3376 sive
1114 3343 1211 3395 gomor

119 3409 207 3468 ..facit
225 3408 321 3480 Adjice
336 3419 458 3465 sextum.
477 3415 603 3484 congium
616 3409 716 3463 reddit.
735 3411 805 3463 Nam
822 3412 935 3482 congius
956 3427 1003 3463 sex
1018 3411 1131 3464 metitur
1149 3429 1210 3465 sex·

120 3499 228 3560 ..tm-iis,
247 3518 329 3572 aquo
345 3507 372 3551 et
387 3500 497 3552 sextarii
513 3515 612 3550 nomen
630 3495 790 3550 dederunt.»
863 3501 868 3512 '

187 3587 265 3638 Vers.
285 3607 325 3663 79.
345 3606 521 3659 componere,
537 3584 609 3638 Edd.
627 3605 842 3657 -conponere,
861 3585 931 3639 Cod.
952 3584 1022 3640 Boh.

186 3675 264 3728 Vers.
279 3678 324 3742 fio.
343 3676 481 3736 Seztaria,
499 3673 589 3727 Codd.
610 3674 638 3727 S.
657 3673 749 3728 Germ.
768 3675 863 3746 Regin.
880 3673 948 3728 Boh.
966 3692 998 3726 ex
1016 3675 1122 3728 emend.
1138 3693 1208 3728 meu.

118 3771 179 3816 tert.
196 3794 231 3804 -
247 3767 271 3816 si
285 3768 434 3827 sextarios,
451 3763 521 3816 Cod.
538 3760 606 3815 Boh.
625 3781 641 3814 e
654 3782 697 3835 pr.
716 3782 752 3816 m.

186 3871 259 3924 qnae
274 3865 313 3904 est
328 3856 410 3904 ancia
424 3854 524 3915 librae,
538 3849 610 3903 Edd.
624 3850 661 3923 pl.
681 3883 713 3894 -
736 3872 807 3924 quae
832 3864 872 3905 est
897 3865 924 3905 et
945 3856 1027 3905 uncia
1039 3853 1141 3912 librae,
1156 3848 1208 3902 Ed.

121 3939 226 3993 Caesar.
241 3973 276 3984 —
291 3959 363 4014 qnae
378 3945 459 3996 uncia
475 3941 577 4002 librae,
596 3938 666 3996 cod.
690 3939 757 3996 Boh.
776 3972 808 3986 -
827 3961 910 4020 quam
926 3943 1007 3996 urscia
1021 3936 1210 4001 librat,'Cod.

121 4027 147 4086 S·
168 4026 258 4082 Germ.
