2908 4814
543 317 708 386 ·127

120 481 153 526 et
169 481 264 527 auctor
279 491 312 526 eo
327 472 411 529 verbo
430 473 515 528 simili
537 476 567 528 in
590 490 621 529 re
635 477 745 550 saepius
761 477 856 530 utitur.
876 475 939 531 vid.
954 493 1023 531 vers.
1042 481 1101 536 126.
1119 488 1147 532 et
1165 483 1222 538 156.

119 561 191 614 Wr
201 580 217 613 r
225 579 261 615 rs
271 581 297 614 n.

199 655 365 712 Mechauica
375 661 480 722 Musa,
499 660 518 711 i.
534 677 557 712 e.
573 676 688 730 operosa
701 657 812 729 ingenio
826 657 991 736 μηχανικῇ.
1012 617 1162 712 (luascu

201 759 246 833 Τῇ
260 761 410 838 μεγανυίῇ
429 755 538 838 τέχνῃ,
557 759 730 815 mechanicae
744 763 809 815 artis
821 763 997 844 instrumenti
1012 759 1126 828 artificio
1143 771 1224 815 ctor-

120 854 270 925 perientiu.
290 857 417 910 Cousr.
1049 836 1053 848 ι

197 943 276 997 Vers.
298 952 357 1002 103.
378 947 503 1006 ducitur,
517 942 591 997 Edd.
610 975 645 988 -
661 946 776 1008 dicitur,
792 943 882 1000 codd.
901 945 998 1018 Regin.
1016 943 1083 998 Bob.
1100 964 1171 1017 apr.
1189 964 1224 996 m.

124 1029 179 1082 sed
198 1049 231 1083 er
247 1031 354 1084 emend.
374 1040 435 1087 tert.
452 1041 554 1104 recept.

199 1125 317 1192 argenti,
335 1120 408 1174 Edd.
420 1119 459 1194 pl.
475 1147 512 1160 -
527 1133 651 1193 argento,
670 1119 740 1174 Cod.
757 1119 825 1174 Bob.
835 1119 908 1173 Edd.
924 1117 997 1173 Pilh.
1014 1119 1124 1174 Hotom.
1137 1119 1225 1174 Rivin.

197 1213 321 1274 tenuive,
335 1208 408 1261 Edd.
424 1239 461 1252 -
474 1222 610 1273 tenuesve,
621 1207 691 1264 cod.
708 1206 776 1264 Bob.
793 1229 808 1262 u
821 1227 863 1281 pr.
879 1215 915 1262 m.
935 1206 986 1261 sed
1000 1227 1032 1262 ex
1051 1205 1158 1261 emend.
1169 1226 1226 1260 sec.
1291 1250 1292 1253 ,

120 1303 241 1367 recept·
343 1296 346 1311 '

89 1401 92 1406 ’
197 1385 355 1456 cylindrus,
369 1383 443 1437 Edd.
459 1414 496 1426 —
510 1387 649 1447 cilindrur,
665 1383 735 1440 Cod.
756 1383 830 1438 Bob.·
842 1392 870 1438 et
890 1385 930 1437 sic
948 1392 1113 1439 constanter.
1128 1414 1164 1427 -
1179 1405 1226 1457 cy·-

122 1472 219 1524 lr'ndrr's
227 1511 238 1536 ,
254 1471 344 1526 Codd.
361 1471 466 1524 Thuuu.
483 1473 578 1544 Regin.
599 1481 626 1526 et
637 1474 677 1526 ita
693 1492 756 1526 mox
768 1491 837 1527 vers.
858 1492 917 1548 109.

196 1567 244 1621 Sic
253 1563 334 1638 plane
343 1564 478 1620 describit
484 1568 614 1642 Synesius
629 1563 856 1640 hydroscopium,
869 1569 926 1622 sive
943 1565 1131 1643 βαρῦλλῑον,
1151 1567 1227 1642 quod

123 1667 181 1720 suu
191 1669 270 1722 nitu
285 1668 319 1721 ..n
336 1667 454 1742 Hypsa.
469 1672 597 1740 magistra
611 1670 778 1742 pericopen.
788 1671 873 1726 XV.·.·
895 1653 1020 1743 ..unu
1038 1667 1103 1733 uer
1118 1676 1226 1728 avun-

124 1769 250 1842 δρικός,
267 1769 367 1827 αὐλοῦ
383 1772 437 1827 arui
455 1774 552 1847 σμῆμα
567 1769 621 1827 uui
631 1768 760 1850 μέγεθος
774 1765 857 1844 ἔχων
875 1783 927 1827 etc.
946 1775 1118 1830 Wrrrs'o.

194 1867 273 1920 Vers.
293 1875 352 1930 rot.
372 1869 479 1920 arundo
495 1897 528 1909 -
544 1869 687 1930 harundo,
702 1867 773 1920 Cod.
789 1867 857 1922 Bob.

132 1955 138 1962 “
199 1957 357 2034 Quantum,
373 1955 392 2008 i.
410 1974 432 2008 e.
450 1964 580 2028 quantum
597 1955 738 2010 arundinis
753 1955 949 2031 internodium.
963 1956 986 2009 C
998 1976 1013 2009 o
1023 1976 1039 2010 n
1049 1975 1093 2010 su.

196 2043 275 2096 Vers.
292 2049 352 2100 105.
372 2063 459 2106 cono,
477 2043 547 2097 Cod.
562 2042 630 2096 Bob.
647 2043 720 2097 Edd.
735 2043 774 2117 pl.
789 2074 827 2088 -·-
840 2058 925 2109 tono,
941 2044 1014 2098 Edd.
1028 2042 1126 2100 Venet.
1146 2044 1223 2116 Lips.

196 2129 291 2183 Cunus
314 2150 328 2182 e
350 2129 426 2204 liguo
447 2130 602 2203 cylindrum
617 2130 747 2196 subiens,
765 2130 845 2187 busin
862 2131 980 2188 obturat.
999 2132 1117 2206 videin
1130 2143 1227 2186 nostro

124 2224 214 2278 lexico
231 2221 416 2298 βαρύλλιον.
439 2225 566 2281 Corsr.

197 2321 276 2373 Vers.
292 2323 350 2378 106.
369 2319 415 2375 Ne
430 2333 522 2386 torus,
539 2319 612 2373 Edd.
632 2349 669 2365 -
685 2340 734 2374 uec
748 2334 837 2384 torus,
860 2321 931 2376 Cod.
947 2319 1015 2376 nob.
1032 2341 1048 2377 n
1063 2343 1106 2396 pr.
1122 2343 1158 2376 m.
1177 2323 1228 2376 sed

128 2426 261 2460 umnec.
279 2427 341 2460 neu.

198 2496 317 2556 Sedent,
331 2493 461 2548 Heinsius
478 2491 596 2547 malebat
612 2495 702 2547 sidat:
717 2501 749 2546 ut
764 2511 857 2566 mergo
875 2495 971 2550 Const.
986 2497 1174 2552 Bnaurrr.

200 2583 294 2636 Conus
309 2580 414 2635 modici
428 2581 579 2654 ponderis.
597 2601 612 2634 e
630 2579 746 2654 plumbo
762 2581 807 2636 vel
823 2581 877 2637 alio
892 2583 1003 2639 metullo
1022 2585 1166 2652 conflatus,
1181 2607 1228 2657 cy·

128 2669 216 2724 lindri
233 2671 292 2724 cavi
306 2668 367 2723 basi
381 2671 506 2723 infcriori
521 2667 644 2733 insidet,
664 2668 844 2744 eumdemque
861 2669 912 2726 huc
926 2681 1004 2745 parte
1022 2666 1171 2744 graviorem
1189 2673 1229 2726 ef-

130 2759 207 2823 ficit,
227 2777 281 2832 quo
297 2758 344 2823 lit,
362 2766 394 2811 ut
411 2755 551 2828 cylindrus
567 2765 674 2810 erectus
691 2760 721 2810 iu
735 2757 822 2812 fluido
836 2768 921 2813 natet.
939 2759 1051 2834 Absque
1071 2761 1143 2814 enim
1158 2781 1228 2816 cono
1245 2783 1250 2798 ’

130 2846 198 2912 hoc,
216 2845 260 2902 vel
275 2845 328 2900 alio
346 2864 478 2918 corpore,
496 2845 616 2916 cylindri
633 2852 739 2918 purtem
755 2840 900 2900 extremum
916 2843 1026 2900 alteram
1042 2845 1176 2920 gravante,
1185 2851 1229 2902 iu-

131 2943 313 2989 strumentum
338 2929 427 2988 totum
448 2953 532 3007 aquae
554 2934 705 2998 innataret,
721 2932 784 2986 basi
802 2943 915 3008 utruque
929 2937 1118 3008 prominente3
1133 2936 1230 2992 addito

131 3020 254 3096 pondere
268 3021 388 3095 quodem
404 3023 501 3094 exiguo
517 3020 553 3075 ed
572 3022 744 3094 superficiem
765 3041 849 3095 cquae
869 3021 1062 3093 inclinaretur;
1082 3025 1132 3078 sed
1147 3027 1230 3079 nimis

132 3119 276 3183 gravatum,
295 3113 321 3164 si
338 3129 407 3184 aqua
421 3109 606 3182 ponderosius
621 3109 675 3174 fiat,
694 3110 729 3163 ad
744 3110 863 3164 fundum
877 3113 948 3166 vasis
956 3114 1135 3185 pertingeret,
1150 3114 1231 3187 eique

129 3199 279 3252 insisteret.
301 3200 393 3272 Quare
406 3197 517 3271 pondus
536 3201 600 3253 coni
612 3199 651 3250 ita
666 3198 874 3270 temperandum
892 3209 950 3264 est,
969 3210 1000 3254 ut
1019 3210 1077 3254 tum
1098 3203 1128 3255 iu
1142 3199 1230 3257 levio-

130 3285 221 3350 ribus,
240 3295 299 3339 tum
313 3285 481 3357 gravioribus
500 3306 568 3360 equa
582 3285 737 3360 liquoribus
752 3286 895 3357 cylindrus
915 3298 1021 3343 erectus
1031 3287 1230 3344 haerectJPon·

132 3374 183 3428 dus
194 3373 311 3447 liquoris
331 3374 447 3449 expulsi,
466 3374 543 3446 cujus
555 3374 648 3430 locum
664 3373 807 3446 cylindrus
820 3386 947 3450 occupet,
965 3377 1077 3451 aequale
1094 3380 1147 3432 erit
1158 3398 1230 3452 pou·

132 3462 191 3516 deri
208 3461 345 3533 cylindri,
364 3474 391 3518 et
408 3463 557 3516 densitates
569 3463 709 3536 liquorum
725 3462 895 3518 diversorum
912 3483 973 3517 sese
990 3463 1093 3519 habent
1107 3471 1230 3541 recipro-

131 3571 176 3618 ce,
190 3561 222 3604 ut
235 3553 378 3625 portiones
395 3549 515 3623 cylindri
532 3549 635 3624 liquori
655 3553 806 3605 immersae.
834 3554 964 3606 Ceterum
988 3557 1052 3609 coni
1073 3555 1136 3611 loco
1154 3557 1230 3611 aliud

132 3659 240 3714 quoque
262 3659 363 3714 corpus
385 3641 451 3694 satis
474 3656 554 3711 grave
579 3639 703 3710 cylindro
719 3640 823 3694 inmitti
844 3650 959 3714 posset,
975 3641 1026 3696 sed
1043 3663 1129 3698 conus
1146 3648 1230 3698 situm

130 3728 258 3783 stabilem
272 3727 395 3792 obtinet,
413 3729 452 3782 ita
476 3737 583 3784 utnon
604 3727 756 3780 timendum
779 3730 834 3796 sit„
849 3747 885 3782 ne
904 3729 1041 3800 beryllion
1065 3733 1229 3796 inclinetur,

132 3817 280 3872 dummodo
293 3817 368 3871 basis
386 3819 451 3870 coni
466 3837 528 3872 cum
542 3815 603 3870 husi
620 3813 740 3886 cylindri
760 3818 819 3869 fere
835 3820 988 3872 conveniat.
1008 3819 1158 3891 Cylindrus
1178 3818 1229 3872 ali-

132 3907 191 3978 quis
213 3904 335 3969 solidus,
354 3904 476 3977 ejusdem
492 3903 553 3959 cum
574 3923 643 3959 cono
660 3904 812 3976 ponderis,
833 3913 860 3958 et
879 3898 1020 3992 excudens
1031 3909 1143 3961 materia
1161 3925 1228 3962 con-

131 3995 235 4058 fectus,
254 3994 328 4050 idem
342 4003 479 4068 praestat,
498 3993 573 4068 quod
599 4011 693 4046 conus.
714 3993 772 4052 Sed
797 4001 892 4050 auctor
912 4015 1012 4054 conum
1027 3997 1148 4052 fortasse
1170 4015 1228 4050 euru
