2950 4810
731 261 777 326 44

220 432 327 501 «σθὸν,
342 432 394 486 καὶ
412 431 464 502 τὴν
478 427 694 503 παραπλησίαν
717 427 847 502 ἀπορίαν
869 427 1113 502 προῖσμομένων,
1135 427 1305 502 προῦτρεπέ

221 555 272 594 «τε
287 536 340 590 παῖ
350 535 530 606 παρεκάλει,
545 531 594 586 διά
610 533 706 606 πάσης
716 527 817 588 ίονταί
828 529 983 606 ἒητήσεως
1000 523 1202 607 ἕξερευνῆσαι,
1219 533 1305 606 εἴπερ

220 637 338 710 «εὑρεῖν
355 637 510 710 δυνηθεῖεν
533 633 582 688 διά
600 636 663 690 τῶν
679 629 851 706 ἑκασταμοῦ
867 631 1073 713 συγκειμένων
1092 637 1230 707 πτυμίων
1251 639 1307 708 τὴν

221 744 295 800 «τοῦ
310 737 421 816 πανηὸς
437 733 602 808 είσπραέιν.
620 738 672 792 παὶ
689 733 806 812 πέμψας
821 733 943 810 ἑκάστῳ
959 739 1103 806 δαπάνας,
1122 731 1152 793 ἔς
1165 740 1219 812 τὴν
1237 743 1303 810 περὶ

222 847 336 903 «ταῦτα
352 841 508 917 συλλογὴν
525 832 677 914 ἔπεμπεν,
696 830 857 916 ἐπιτρέψας
867 833 996 896 ἕκαστον
1009 843 1126 914 μάρτην
1146 846 1317 898 ταῦτα’σα-,

221 946 374 1022 «φηνίέειν
393 944 567 1016 δυνάμενον,
584 937 654 996 ὅποι
673 937 709 999 ίίν
726 941 881 1016 εὑρεθείη,
901 941 977 1015 πρὸς
993 941 1086 998 αὑτὸν
1104 942 1304 1018 ἀποπομισθῆ·

221 1069 306 1115 «ναι,
323 1043 374 1101 ἳνα
388 1043 464 1120 μετά
479 1045 599 1117 πολλῆς
612 1047 665 1118 τῆς
682 1043 911 1122 περισκέψεως,
933 1045 987 1101 παὶ
1012 1047 1064 1118 τῆς
1087 1037 1208 1124 ἕςιάγαν
1223 1045 1307 1118 ἀπρι-

140 1171 143 1180 ’
223 1147 338 1221 «sitias,
357 1148 393 1202 τά
413 1148 480 1218 περὶ
498 1145 618 1203 τούτων
634 1138 721 1203 αὖθις
739 1147 937 1222 συνταμθείη·
955 1135 999 1202 ὦς
1021 1149 1054 1204 δὲ
1079 1139 1134 1204 οὖν
1148 1148 1225 1222 μετά
1242 1167 1307 1203 παι-

222 1251 293 1324 «ρδν
309 1241 386 1325 ἧλον
406 1247 436 1305 oi
453 1247 572 1306 τούτοις
590 1249 836 1325 διαπονούμενοι,
851 1250 968 1323 μαρίεις
989 1252 1035 1306 τίς
1053 1249 1154 1306 ἐδόκει
1173 1253 1225 1306 παὶ
1244 1270 1309 1325 ραι-

222 1354 361 1427 «δρότητι
379 1352 562 1430 γαννύμενος
577 1349 594 1407 o‘
610 1348 815 1408 Ἀπασπάσιος.
834 1345 935 1424 ἒμαιρε
959 1352 992 1408 δὲ
1009 1347 1062 1408 παὶ
1081 1358 1147 1410 ταῖς
1164 1350 1310 1426 ἀληθείας

221 1457 302 1516 «τῶν
316 1447 565 1529 ἐσπουδασμένων
581 1455 769 1529 τετυμηπὼς,
784 1457 838 1512 arci
858 1453 999 1530 ἀνηρώτα
1013 1455 1066 1512 τὸν
1082 1457 1206 1528 τρόπον,
1226 1453 1313 1510 ὅπως

223 1575 273 1617 «τε
291 1554 456 1631 εὕρηνται,
474 1558 527 1612 παὶ
544 1560 624 1628 παρά
645 1573 724 1627 τισι,
747 1559 800 1614 παὶ
823 1556 853 1614 εί
876 1579 905 1616 τι
921 1563 1053 1636 τοιουτῷ
1074 1559 1106 1614 δὲ
1131 1557 1312 1614 παταλέλει·

223 1679 324 1721 «πται.
343 1663 406 1717 τῶν
422 1659 454 1714 δὲ
473 1661 612 1715 πολλοὺς
629 1658 895 1737 παταβεβληπέναι
921 1661 1034 1717 πόνους
1057 1657 1106 1716 ἐπί
1132 1663 1168 1734 τῆ
1191 1661 1313 1718 τούτων

223 1763 403 1842 «συναγωγῇ
424 1758 712 1837 διῖσμυριὲομὲνων,
735 1759 911 1839 ὄμνυόντων
931 1781 965 1820 τε
992 1763 1067 1837 πρὸς
1084 1767 1140 1820 τοῢ
1157 1761 1313 1836 βασιλέως

223 1861 285 1925 «ὡς
301 1867 402 1921 οὐδεὶς
417 1857 519 1937 ’ἕτερος
530 1867 645 1939 μάρτης
664 1869 760 1921 ταῦτα
777 1869 892 1942 δηλοῦν
909 1869 1071 1942 δυνάμενος
1086 1865 1143 1922 ἀνά
1160 1869 1219 1922 πῖιν
1239 1864 1313 1922 άπό-

222 1986 340 2028 «πειται
354 1965 389 2024 τὸ
409 1967 595 2042 πολίτευμα,
615 1959 701 2024 αὖθις
718 1972 816 2041 πυράν
836 1967 929 2047 ἐξῆψε
943 1974 1079 2049 μεγάλην
1096 1967 1133 2024 ἐπ
1160 1954 1223 2026 τῶν
1238 1967 1312 2024 άπα-

223 2067 449 2145 «πομισθέντων
460 2069 611 2140 μαρτίων,
631 2072 684 2126 nai
702 2071 757 2144 τὴν
776 2073 902 2129 σποδιὰν
919 2065 1223 2141 δδασινὲπείιλυσεν,
1239 2070 1314 2148 ἄρα·

223 2173 320 2232 «viem
336 2168 443 2228 τέλεον
460 2173 514 2244 τὴν
531 2175 641 2245 πρᾶξιν
656 2169 859 2249 βουλόμενος·
879 2165 958 2232 ὥστε
970 2177 1012 2251 μὴ
1028 2176 1126 2242 κόνιν,
1131 2177 1171 2249 μὴ
1188 2171 1313 2251 τέφραν,

223 2273 315 2349 «μήτε
330 2272 388 2349 μήν
404 2292 434 2330 τι
447 2275 592 2350 λείψανον
614 2279 669 2332 τοῦ
688 2279 860 2356 πράγματος
882 2268 972 2352 ἧττον
996 2275 1236 2334 excaecatam
1258 2283 1315 2352 φα-

223 2379 354 2450 «νῆναι.»
377 2379 466 2450 Quem
480 2377 571 2432 locum
587 2380 722 2432 Henricus
739 2379 864 2434 Valesius
883 2379 997 2434 latinum
1015 2380 1123 2434 reddit:
1143 2381 1212 2437 «lies
1230 2397 1311 2450 prae-
1349 2413 1352 2420 ·

223 2479 312 2532 «terea
326 2477 424 2528 eximia
446 2495 476 2526 ac
499 2475 579 2546 plane
604 2475 695 2528 divina
715 2475 861 2529 abeodem
878 2478 1040 2547 imperatore
1058 2485 1133 2546 gesta
1151 2485 1209 2537 est,
1228 2475 1315 2527 veeti-

223 2561 305 2632 «galis
324 2562 441 2625 scilicet,
451 2563 525 2636 quod
541 2561 754 2634 Chrysargyrum
770 2564 911 2616 dicebatur
924 2563 1046 2616 abolitio.
1067 2566 1129 2637 Qua
1147 2563 1182 2616 de
1197 2583 1225 2614 re
1240 2579 1314 2616 nunc

222 2650 389 2710 «dicendum
404 2661 461 2713 est,
482 2649 790 2722 quamvisKThucydidis
806 2650 975 2724 eloquentia,
1000 2663 1046 2705 aut
1069 2655 1151 2704 etiam
1172 2660 1314 2723 praestan-

223 2741 308 2800 «tiore
324 2759 355 2792 ac
371 2739 513 2792 disertiora
526 2739 618 2810 lingua
635 2739 671 2792 ad
686 2758 744 2792 eam
759 2759 815 2791 rem
831 2759 900 2812 opus
917 2750 997 2794 esset.
1017 2741 1074 2812 Ego
1097 2759 1160 2794 vero
1182 2758 1237 2790 non
1257 2738 1315 2792 elo-

223 2828 367 2900 «quentia,
386 2827 437 2880 sed
457 2829 523 2880 facti
542 2827 729 2898 magnitudine
744 2827 890 2892 ¹confisus,
912 2848 968 2880 rem
991 2828 1112 2880 narrabo.
1133 2829 1315 2881 Romanorum

223 2913 422 2988 «reipublicae,
442 2925 496 2967 tam
511 2913 592 2985 longe
609 2912 717 2987 lateque
735 2913 865 2978 diffusae,
884 2917 1041 2988 impositum
1059 2926 1115 2968 erat
1131 2914 1247 2985 vectigal
1260 2917 1314 2966 mi-

223 3003 355 3064 «serabile
371 3023 499 3072 prorsus,
519 3004 625 3077 deoque
641 3004 774 3066 invisum,
793 3022 827 3054 ue
850 2987 915 3056 (lum
937 2997 1162 3057 christianissime
1179 2999 1314 3055 Roman'o-

223 3103 299 3152 ‹trum
314 3093 428 3163 imperio
445 3093 626 3156 conveniens,
646 3091 721 3164 quod
738 3091 774 3142 ad
787 3093 923 3144 Anastasii
944 3111 1031 3166 usque
1052 3101 1191 3162 tempora,
1218 3092 1313 3144 nescio

223 3199 320 3252 «quam
333 3180 368 3234 ob
386 3197 443 3232 rem
460 3178 616 3250 neglectum
630 3190 711 3253 atque
722 3178 880 3244 toleratum,
899 3181 959 3253 ipse
974 3179 1057 3251 regali
1070 3179 1254 3231 munificentia
1268 3197 1316 3231 su-

223 3265 324 3328 ,stolio
343 3269 504 3340 Impositum
522 3279 613 3321 autem
628 3277 684 3320 erat
698 3277 756 3320 tum
769 3266 829 3322 aliis
846 3268 1049 3342 compluribus,
1075 3269 1123 3342 qui
1141 3269 1213 3338 stipe
1230 3264 1313 3319 colla-

223 3357 306 3416 aticia
320 3355 573 3420 victitabant,.tum
586 3353 769 3422 mulierculis,
788 3377 856 3430 quae
874 3377 988 3428 corpore
1003 3365 1145 3429 quaestum
1160 3354 1312 3418 faciebant,

225 3453 270 3503 «et
288 3462 338 3516 per
352 3443 446 3498 abdita
462 3455 542 3518 atque
552 3444 668 3499 obscura
682 3444 758 3497 urbis
772 3442 832 3498 loca
847 3448 875 3498 in
888 3445 965 3498 cellis
973 3446 1122 3497 meritoriis
1137 3443 1172 3496 ad
1189 3453 1314 3516 stuprum

224 3531 415 3604 «prostabaun
435 3531 562 3586 masculis
578 3541 717 3603 praeterea
737 3535 784 3606 qui
799 3533 941 3586 muliebria
957 3534 1031 3606 passi
1057 3533 1178 3595 fuerant,
1198 3549 1248 3583 nec
1264 3549 1312 3581 na-

226 3625 329 3680 «turam
343 3618 430 3672 solum
446 3623 550 3692 ipsam,
569 3624 756 3674 verumetiam
771 3605 966 3694 rempublicam
984 3621 1133 3692 ignominia
1152 3617 1314 3680 afficiebant,

225 3707 309 3768 «adeo
329 3718 359 3760 ut
379 3697 489 3762 collatio
512 3711 565 3762 ista
582 3711 641 3763 vice
662 3707 731 3782 legis
753 3708 947 3782 proclamaret,
966 3706 1049 3762 licere
1072 3709 1158 3760 cuivis
1182 3710 1313 3760 incestam

225 3793 315 3855 «illam
326 3794 471 3849 libidinem
479 3806 642 3870 perpetrare.
662 3799 746 3852 Porro
760 3797 874 3868 impium
888 3795 1005 3849 illumac
1023 3795 1213 3850 detestandum
1231 3813 1315 3866 quae-

225 3893 331 3946 «stum,
351 3886 399 3958 qui
413 3905 445 3938 ex
461 3883 512 3940 hoc
527 3887 653 3958 vectigali
666 3885 884 3960 percipiebatur,
912 3895 1064 3947 exactores,
1092 3886 1140 3958 qui
1157 3881 1229 3938 illud
1249 3881 1330 3937 ubi-0

225 3991 295 4046 «que
310 3970 489 4044 colligebant,
509 3983 604 4048 quarto
623 3994 730 4049 quoque
753 3992 823 4028 anuo
848 3973 1006 4028 deferebant
1028 3974 1062 4027 ad
1078 3991 1212 4028 summum
1229 3971 1313 4040 magi-
