2950 4810
209 619 395 694 rucurr
418 563 692 694 1111111110
718 615 961 693 nuscum
985 618 1051 692 nn
1077 619 1242 694 aanor
1269 627 1423 736 capp.

487 749 679 826 suasrasn
697 749 959 805 rurnmrorus.

281 1083 433 1188 Summi
451 1134 584 1216 poetae
603 1140 696 1214 quae
714 1113 835 1187 solent
853 1115 891 1186 in
910 1115 1093 1206 versibus,

276 1232 379 1323 Quos
398 1233 661 1332 imperatorum
676 1226 913 1302 modulantur
928 1227 1097 1302 laudibus
1109 1287 1120 1322 ,

271 1347 463 1438 Proferre,
483 1345 625 1420 caelum
642 1371 727 1418 omn
741 1365 877 1448 petunt
894 1365 933 1417 et
951 1343 1095 1440 sidera,

274 1461 438 1537 Adversa
456 1480 606 1535 naturae
626 1481 824 1561 sequentes
842 1463 977 1564 impie,

229 1580 250 1650 5
279 1579 380 1676 Tibi,
403 1579 540 1670 sciens,
563 1573 667 1676 quod
689 1574 885 1678 displicent
903 1579 1009 1648 nimis
1030 1579 1113 1680 pio,

276 1693 376 1768 Nihil
391 1688 611 1785 nefandum,
630 1689 682 1763 nil
702 1692 772 1763 nisi
789 1717 917 1764 verum
934 1689 1084 1791 loquar,

279 1809 370 1883 Nam
384 1811 449 1909 qui
465 1807 595 1879 tribuit
615 1805 829 1880 mortalibus
850 1804 1037 1898 caelestia,

276 1923 503 2027 Sapientiam
524 1920 715 1996 damnatur
731 1921 881 1996 arbitrio
901 1927 1002 2026 pari,

273 2039 323 2112 Et
337 2043 367 2112 si
386 2068 459 2140 qua
476 2066 564 2114 vere
579 2037 785 2141 praedicat,
805 2065 881 2112 non
900 2037 1083 2135 creditur,

206 2177 247 2226 10
275 2155 370 2231 Cum
388 2157 475 2230 falsa
496 2157 639 2256 ceperit
660 2180 792 2228 canens
816 2151 978 2230 exordia.

280 2272 427 2363 Quare,
445 2294 599 2371 precor,
615 2265 775 2340 libenter
794 2268 920 2342 audias
936 2291 1018 2365 tua,

280 2387 385 2478 Quae
403 2399 629 2480 cuncta-non
649 2406 715 2480 ego
734 2403 868 2483 potero
884 2385 1113 2486 producere,

277 2501 362 2575 Non
375 2499 475 2573 mille
493 2495 674 2571 dentur'si
688 2495 779 2571 nn'hi
797 2495 953 2598 linguae,
968 2502 1076 2584 simul
1104 2491 1108 2507 “

277 2617 374 2688 Fons
389 2613 512 2714 ingeni
526 2614 556 2686 si
573 2639 719 2718 carmen
735 2606 925 2689 effundens
939 2610 1075 2700 novum
1088 2647 1098 2708 3

211 2731 252 2806 15
279 2728 355 2804 Sed
372 2749 478 2832 parte
494 2727 590 2802 ferre
605 2756 678 2830 qua
692 2729 796 2804 valeo
815 2757 885 2832 pro
902 2731 1061 2825 viribus,

274 2847 461 2948 Decerpta
478 2843 599 2916 lucem
614 2845 779 2920 conferat
796 2873 890 2946 quae
908 2847 1095 2920 cantibus:

279 2958 394 3061 Quod
408 2986 512 3033 more
527 2961 620 3032 miro
639 2959 696 3052 fit,
722 2958 941 3036 solemnem
958 2967 1114 3036 carmina

214 3163 220 3172 Ν.
274 3075 424 3151 Addere
440 3072 555 3150 decus
573 3074 684 3149 rebus
696 3079 807 3175 magis
827 3103 936 3178 quam
956 3103 1114 3151 sumere.

274 3181 355 3267 Deo
374 3193 516 3267 favente
530 3191 602 3292 jam
617 3191 749 3264 subibo
767 3188 935 3293 pondera

204 3330 252 3382 :to
276 3305 434 3402 Laudis,
453 3333 604 3385 serenus
624 3335 718 3408 quae
737 3305 876 3381 relevat
888 3300 1010 3380 vultus
1025 3307 1136 3401 mihi,

276 3421 454 3497 Praesens
471 3420 610 3526 ubique
628 3426 792 3498 cernitur
810 3426 875 3523 qui
893 3425 1080 3516 sensibus,

275 3541 415 3616 Arcana
432 3538 575 3616 nudans
593 3541 768 3641 principis
779 3541 974 3613 mitissimi

606 3773 868 3794 „wa-...0-
